2748 4486
469 375 506 435 V.
531 373 674 438 CIMON.
1017 375 1063 444 33

71 547 307 628 expugnandae
329 545 475 608 omishse.
520 543 581 608 Sed
602 547 693 608 eure
718 547 797 611 hene
823 547 1064 614 eriminstienen
1092 611 1097 620 ,

70 632 173 695 diluit.
214 631 294 694 [ium
310 633 403 713 paulo
418 634 488 713 post
502 627 734 696 Laeedeemonii
749 633 830 694 bello
844 633 935 712 gravi
949 635 1064 697 Messe·

69 721 197 780 niem
211 720 433 799 premerentur,
449 715 555 780 Gimon
572 717 693 780 Periole
712 719 938 780 eontradioente
952 721 1064 801 popule

72 807 185 867 sueton
199 805 269 879 fuit,
284 807 320 864 ut
334 802 396 866 iilis
407 803 522 866 ennilia
536 805 737 866 mitterentur.
760 802 822 865 Sed
832 804 1065 868 Lesedeemenii
1182 827 1186 841 ¹

71 891 168 953 fidem
196 887 436 952 Atheniensium
464 893 638 969 suspectam
666 907 736 950 eum
765 889 926 966 heberent,
962 889 1106 972 oopissb
1156 937 1158 944 ,

74 971 185 1036 eorum
198 987 447 1056 supervaoaneas
462 993 530 1034 esse
545 975 723 1037 simulantes
745 975 859 1038 ebello
874 976 1063 1040 dimiserunt.

73 1061 167 1130 ,Hsnt
177 1080 246 1122 rem
258 1059 463 1122 Athenienses
475 1061 613 1147 graviter
622 1061 755 1122 ferentes
766 1061 914 1124 invidiam
924 1063 957 1124 in
964 1059 1064 1126 Oimo·

74 1167 157 1224 nem,
169 1146 379 1228 expeditionis
386 1147 550 1221 suetorem,
563 1147 730 1220 verterunt,
742 1165 833 1226 quem
843 1151 1002 1229 praeterea
1012 1149 1064 1210 ad-

74 1233 252 1294 versarium
266 1231 390 1312 imperii
397 1231 552 1312 populeris
566 1251 635 1296 esse
646 1232 768 1307 seirent,
783 1231 828 1294 ita
838 1238 874 1295 ut
884 1233 1065 1295 testularum

72 1317 235 1398 suffragiis
250 1317 357 1378 desem
372 1335 520 1379 annorum
541 1317 635 1380 exilio
650 1317 842 1378 multaretur.
882 1313 1065 1382 censesti
1088 1316 1129 1380 10

75 1404 212 1464 celerius
227 1401 446 1477 Athenienses,
470 1417 561 1482 quem
582 1404 683 1484 ipsnm
697 1403 856 1484 poenituit.
900 1403 980 1466 Num
995 1424 1065 1466 oum

74 1489 130 1549 ille
155 1487 231 1550 forti
257 1489 358 1550 animo
388 1487 523 1549 invidiae
553 1489 744 1569 ingratorum
770 1489 884 1551 nivium
911 1490 1062 1564 cessisset,

74 1575 159 1637 bello
175 1575 258 1635 inter
273 1573 528 1636 Lacedaemonios
548 1579 580 1636 et
593 1573 796 1636 Athenienses
819 1579 943 1656 propter
957 1595 1064 1657 perpe·

76 1665 148 1722 tuas
164 1660 338 1721 simultates
353 1663 420 1721 orto
442 1679 605 1740 pugnaque
627 1662 666 1721 ad
682 1660 854 1741 Tanagram
875 1663 970 1737 seete,
995 1681 1064 1725 oon-

76 1745 185 1806 festim
209 1747 299 1806 notae
326 1745 392 1805 eius
423 1746 548 1806 virtutis
574 1746 759 1807 desiderium
785 1748 982 1808 subsecutum
1008 1752 1062 1808 est.
1087 1743 1128 1808 15

78 1829 195 1910 Itaque
219 1833 287 1910 post
312 1849 425 1892 annum
451 1831 594 1910 quintun,
630 1850 721 1911 quam
746 1833 893 1912 expulsus
919 1835 999 1907 eret,
1032 1833 1065 1893 in

82 1915 220 1995 petriam
232 1919 389 1979 revocatus
404 1924 459 1978 est.

11 2067 12 2072 η
170 1999 324 2062 Reversus
335 2002 412 2063 nihil
423 2001 577 2082 antiquius
587 2001 702 2075 habuit,
719 2020 809 2081 quem
821 2003 856 2061 ut
866 2019 972 2080 paoem
983 2001 1064 2062 inter
1085 2001 1114 2059 V

12 2121 13 2124 =
80 2087 157 2148 dues
172 2087 398 2166 potentissimus
413 2083 561 2148 Graeciae
576 2087 716 2149 civitatee
735 2085 963 2160 reeonoilieret3
984 2085 1065 2165 quod

11 2165 13 2196 ³
78 2172 179 2232 tribus
196 2173 284 2233 annis
299 2175 369 2253 post
383 2171 509 2234 indutiis
525 2173 557 2232 in
572 2172 811 2252 quinquennium
825 2171 910 2232 initis
925 2171 1062 2252 perieeit.
1086 2169 1129 2232 20

77 2255 199 2318 Deinde
215 2257 455 2320 Atheniensibus
468 2258 634 2338 persuasit,
656 2261 692 2318 nt
713 2258 843 2318 olassem
864 2258 1064 2320 ducentarum

78 2343 208 2404 nenium
224 2341 363 2424 Cyprum
376 2344 548 2418 mitterent,
572 2363 662 2423 qnam
677 2343 808 2404 insulam
822 2343 1065 2410 berberirnrsus

11 2463 12 2508 t
78 2432 316 2510 oeoupuveremt.
346 2425 424 2490 Cum
439 2426 553 2490 Citium
567 2430 718 2510 oppidum,
727 2449 903 2510 oppugnare
916 2429 1064 2492 instituis-

79 2519 145 2591 set„
168 2514 259 2577 brevi
281 2515 351 2595 pest
369 2515 403 2576 in
423 2516 562 2578 morbum
577 2515 743 2596 impiieitus
764 2518 902 2577 mortuus
923 2520 984 2590 est,
1007 2534 1066 2596 quo

11 2615 13 2666 ὲ
80 2602 164 2662 ἰωὴ
189 2600 395 2662 Athenienses
421 2600 513 2660 merul
542 2600 647 2681 inopis
678 2605 863 2662 eommeetus
890 2601 988 2681 pressi
1014 2621 1065 2682 op·
1089 2598 1131 2660 25

80 2687 272 2768 pugnatione
279 2685 429 2748 desistere
439 2688 470 2748 et
481 2686 605 2750 domum
615 2688 730 2748 reuerti
741 2687 838 2748 oosoti
849 2691 928 2748 sunt.
945 2683 1023 2748 Cum
1033 2689 1066 2746 in

80 2773 148 2834 alto
169 2773 249 2834 meri
270 2791 287 2832 e
307 2771 434 2850 regione
454 2770 616 2834 Saieminis
638 2772 723 2834 urbis
744 2777 860 2846 essent,
882 2773 917 2832 in
938 2771 1068 2834 erassem

81 2859 251 2920 Persarum
264 2857 447 2933 insiderent,
462 2877 553 2938 qnam
568 2859 709 2936 aggressi
730 2875 844 2936 magea
859 2855 946 2918 clade
961 2854 1066 2917 atieee·

83 2945 163 3006 rent.
209 2941 310 3004 Simul
330 2943 434 3023 eopise
456 2945 615 3004 terrestres
636 2941 879 3016 Atheniensium,
902 2959 980 3020 quae
994 2960 1067 3002 non-

82 3031 266 3091 desereres
277 3030 525 3105 eonseenderant,
535 3031 574 3091 eb
585 3029 724 3090 exercitu
734 3026 1069 3090 Persemmvietoriam
1090 3025 1132 3088 30

11 3185 15 3194 ³
82 3118 328 3196 mereunt.
373 3113 432 3176 His
456 3116 549 3178 rebus
573 3115 688 3176 iachim
714 3118 776 3190 est,
802 3115 838 3174 ut
862 3133 917 3194 per
941 3113 1069 3193 lengum

83 3201 234 3281 temporis
249 3201 384 3282 spatium
397 3199 513 3262 Perses
526 3219 587 3262 non
607 3201 768 3273 auderent,
789 3218 885 3262 neves
906 3200 1015 3279 longas
1036 3199 1069 3260 in

83 3285 264 3348 iiiut-mare
278 3287 410 3348 mittere
434 3283 516 3348 Osss
524 3283 659 3348 Cimonis
670 3284 809 3348 Atheneo
823 3287 973 3348 translata
987 3289 1067 3348 sumt
1107 3305 1109 3308 ’

173 3371 266 3434 Hune
280 3371 485 3434 Athenienses
499 3391 560 3434 non
573 3373 673 3434 solum
686 3371 719 3432 in
732 3372 828 3448 belle,
852 3371 907 3433 set
928 3370 1020 3432 etiem
1034 3370 1067 3430 in
1089 3367 1135 3428 VI

85 3475 162 3537 peoe
183 3457 238 3518 diu
258 3457 518 3520 desideraverunt.
574 3458 647 3520 Fuit
665 3457 748 3520 enim
768 3461 857 3520 tenta
875 3455 1068 3530 iiberalitate,
1091 3451 1134 3515 35

85 3545 121 3605 at
135 3559 207 3604 eure
222 3544 430 3624 sumptoribus
440 3544 518 3606 loeis
529 3545 661 3626 praedis·
667 3544 834 3623 hortosque
842 3542 978 3618 heberet
993 3559 1069 3602 nun-

85 3647 181 3707 qnam
201 3629 235 3689 in
256 3628 295 3690 iis
314 3630 472 3694 onstodem
486 3629 660 3712 imponeret
670 3631 788 3692 fruetus
799 3627 945 3690 servandi
959 3627 1069 3707 gratis,

87 3733 131 3776 ns
140 3714 211 3794 pris
225 3715 437 3804 impertiretur,
451 3717 611 3797 quominus
625 3717 664 3778 iis
683 3716 789 3792 rebus,
811 3715 921 3796 quibus
942 3714 1070 3796 pausem

140 3818 330 3881 emiseras?
914 3821 930 3868 ³
