2720 4482
922 519 1055 562 1c11aea
1077 502 1119 561 ud

123 585 313 666 Philippum
329 605 423 647 annos
439 593 567 666 septem:
584 587 636 646 illo
653 587 811 646 interiecto
827 586 931 646 ecdem
947 521 1119 664 graduiuit

123 673 219 752 apud
247 671 455 732 Alexandrum
482 691 576 733 annos
603 672 762 732 tredecim:
789 672 955 734 novissimo
982 681 1119 752 tempore

123 759 270 838 praefuit
282 759 373 817 etiam
385 759 472 818 alteri
485 759 617 837 equitum
631 759 706 831 alae,
722 777 799 836 quae
809 757 972 818 Hetaerice
984 759 1118 838 appella·
1198 761 1203 802 i

122 843 240 904 batur:
255 843 376 922 utrique
390 851 490 904 autem
506 845 538 904 111
547 844 672 905 consilio
690 863 809 924 semper
824 844 921 904 adluit
936 849 966 904 et
983 845 1118 904 omnium
1138 842 1161 906 5

124 950 240 990 rerum
250 925 379 996 habitus*
392 939 439 990 est
453 932 613 1010 particeps.

224 1013 399 1077 Alexandro
412 1015 568 1094 Babylone
580 1018 707 1091 mortuo,
723 1034 791 1076 cum
803 1015 977 1096 prouinciae
989 1016 1118 1095 singulis
1138 1015 1174 1077 Π

124 1100 337 1161 familiaribus
353 1101 584 1181 dispertirentur
599 1107 630 1162 01
645 1122 761 1164 summa
782 1123 884 1163 rerum
905 1103 1017 1164 tradita
1038 1105 1117 1162 esset

123 1189 249 1246 tuenda
264 1187 372 1262 cidem,
393 1188 441 1246 cui
454 1188 630 1247 Alexander
647 1189 778 1247 moriens
791 1189 914 1248 anulum
927 1209 1015 1248 suum
1027 1189 1116 1248 dede-

123 1279 193 1347 rat,
209 1271 386 1333 Perdiccae:
410 1271 464 1356 (ex
487 1293 544 1352 quo
563 1269 669 1332 'omnes
692 1275 882 1334 coniecerant
903 1293 973 1333 cum
987 1293 1116 1352 regnum
1140 1271 1184 1337 10

127 1358 163 1418 01
190 1359 390 1431 commisisse,
413 1360 511 1436 quoad
532 1359 620 1418 liberi
641 1361 706 1418 cius
721 1360 752 1419 in
768 1379 853 1419 suam
869 1361 995 1420 tutelam
1010 1379 1117 1439 perve-

126 1443 267 1504 nissent:
283 1445 410 1504 aberant
424 1445 503 1504 enirn
521 1443 663 1506 Crateros
678 1450 709 1505 01
723 1445 901 1525 Antipater,
925 1446 975 1524 qui
998 1455 1117 1505 antece-

128 1530 210 1590 dere
232 1530 312 1588 huno
334 1530 528 1606 videbantur,
553 1537 689 1592 mortuus
713 1535 779 1592 erat
800 1530 987 1610 Hephaestio
993 1578 1002 1607 ,
1027 1551 1117 1609 quem

125 1635 228 1676 unum
245 1615 436 1690 Alexander,
452 1617 531 1695 quod
547 1617 636 1678 facile
651 1616 783 1697 intelligi
797 1622 913 1697 posset,
936 1618 1060 1696 plurimi
1075 1617 1117 1676 fe-

127 1697 249 1784 ceram)
265 1702 321 1762 hoc
336 1712 471 1781 ternpore
486 1703 556 1762 data
571 1713 618 1762 est
633 1701 761 1762 Eumeni
777 1699 969 1783 Cappadocia
984 1703 1049 1763 siue
1064 1722 1115 1783 po·
1140 1697 1183 1762 15-

126 1788 196 1848 tius
212 1786 306 1847 dicta:
322 1806 390 1846 nam
408 1799 471 1847 tum
487 1789 519 1847 in
534 1788 664 1848 hostium
681 1796 748 1848 crat
762 1797 920 1867 potestate.
953 1787 1043 1848 Hunc
1059 1788 1117 1848 sibi

124 1871 297 1934 Perdiccas
312 1873 492 1933 adiunxerat
507 1892 617 1953 magno
633 1874 742 1949 studio,
758 1874 837 1952 quod
852 1874 883 1932 in
894 1874 1014 1933 homine
1025 1874 1116 1933 fidem

128 1967 166 2021 et
182 1958 362 2018 industriam
378 1978 520 2036 magnam
535 1960 667 2033 videbat,
684 1979 744 2020 non
760 1959 910 2032 dubitans,
928 1959 1037 2018 sicum
1054 1958 1117 2037 pel·

124 2045 277 2116 rexisset,
302 2063 413 2122 magno
430 2047 497 2105 usui
512 2046 577 2106 1010
592 2045 650 2104 sibi
679 2046 710 2104 in
729 2044 774 2104 eis
794 2045 885 2105 rebus
901 2063 975 2122 quas
991 2063 1117 2124 appara·

126 2132 194 2192 bat.
228 2126 389 2207 Cogitabat
404 2132 493 2206 enim,
509 2131 588 2208 quod
603 2130 667 2190 scre
682 2149 785 2191 omnes
800 2129 832 2189 in
846 2131 966 2207 magnis
980 2130 1116 2210 imperiis
1138 2125 1183 2190 20

130 2217 367 2295 concupiscunt,
389 2217 521 2277 omnium
544 2225 645 2297 partes
667 2217 819 2296 corripere
840 2221 931 2294 atque
946 2215 1114 2295 complecti.

129 2301 243 2382 Neque
259 2321 332 2362 vero
349 2303 404 2361 boc
418 2302 471 2362 ille
486 2302 567 2362 solus
583 2301 669 2377 10011,
692 2303 746 2362 sed
762 2302 855 2362 ceteri
869 2320 989 2380 quoque
1002 2320 1115 2376 omnes,

116 2389 189 2468 „qui
204 2387 374 2447 Alexandri
395 2388 516 2448 fuerant
534 2387 632 2450 amici.
677 2387 798 2450 Primus
820 2387 993 2448 Leonnatus
1015 2386 1116 2447 Mace-

132 2472 259 2536 doniam
280 2491 501 2554 praeoccupare
530 2473 702 2535 destinavit.
747 2472 779 2533 Is
807 2474 913 2533 multis
935 2474 1116 2552 magnisque

131 2558 404 2640 pollicitationibus
434 2560 617 2640 persuadere
646 2558 776 2619 Eumeni
810 2561 941 2636 studuit,
979 2566 1014 2619 ut
1042 2559 1114 2619 Per·
1137 2554 1183 2620 25

133 2646 253 2706 dicaam
270 2645 423 2706 desereret
438 2665 473 2705 ac
487 2665 588 2705 secum
604 2647 719 2704 laceret
733 2646 916 2706 societatem.
957 2643 1033 2705 Cum
1048 2665 1116 2725 per-

133 2730 247 2791 ducere
263 2749 330 2790 eum
346 2749 407 2792 non
421 2735 531 2811 posset,
547 2730 717 2790 interficere
729 2741 853 2791 conatus
866 2735 926 2790 est:
942 2735 974 2790 et
984 2731 1115 2805 fecisset,

135 2817 196 2878 nisi
212 2816 265 2876 1110
280 2815 357 2875 clam
373 2829 463 2876 noctu
479 2836 518 2875 ex
533 2816 693 2894 praesidiis
709 2816 772 2875 eius
788 2815 953 2895 effugisset.

222 2903 348 2962 Interim
364 2903 491 2963 conflata
506 2908 576 2961 sunt
590 2901 644 2962 illa
665 2901 759 2975 bella,
784 2920 860 2981 quae
883 2902 923 2962 ad
938 2900 1116 2962 internecio·
1137 2899 1192 2963 HI

135 3007 205 3047 nem
227 2992 296 3067 post
310 2986 480 3048 Alexandri
502 2995 630 3048 mortem
650 2990 738 3065 gesta
760 2994 843 3061 sunt,
867 3006 1031 3065 omnesque
1046 3005 1114 3047 con·
1137 2985 1180 3050 30

136 3081 297 3133 currerunt
312 3073 350 3132 ad
366 3073 543 3138 Perdiccam
559 3073 799 3154 opprimendum.
846 3071 945 3142 Quem
961 3073 1019 3134 etsi
1034 3073 1116 3134 infir-

136 3177 218 3218 mum
241 3159 379 3232 videbat,
412 3159 491 3238 quod
514 3179 591 3220 unus
614 3161 752 3220 omnibus
774 3158 917 3220 resistere
940 3160 1114 3238 cogebatur,

134 3247 237 3304 tamen
253 3246 383 3304 amicum
402 3265 462 3305 non
485 3247 618 3306 deseruit
632 3266 729 3324 neque
745 3246 851 3306 salutis
867 3265 957 3325 quam
972 3246 1043 3306 fidei
1058 3246 1117 3305 suit

135 3331 280 3409 cupidior.
305 3323 499 3391 Praelbcerat
512 3333 591 3392 hunc
605 3331 768 3391 Perdiccas
783 3333 811 3391 ei
826 3333 905 3410 parti
921 3331 1022 3404 Asiae,
1039 3350 1116 3408 quae

134 3414 215 3476 inter
230 3416 362 3478 Taurum
378 3429 510 3477 montem
525 3418 603 3478 iacet
618 3427 709 3496 atque
724 3417 967 3496 Hellespontum,
983 3415 1116 3475 stillum
1137 3413 1180 3477 35

134 3520 227 3562 unum
252 3512 433 3582 opposuerat
452 3502 619 3583 Europaeis
634 3503 832 3567 adversariis:
855 3503 920 3582 ipse
935 3499 1114 3582 Aegyptum

203 3636 230 3701 ²¹³)
243 3619 955 3704 1100111111110101110111010010100111011010101101;
967 3642 1037 3690 sonst
1046 3641 1115 3690 stan-

136 3707 187 3760 den
199 3707 241 3759 die
253 3709 351 3762 scribae
369 3707 411 3760 bei
427 3709 477 3759 den
490 3708 611 3760 Gricchen
630 3709 700 3762 nicht
716 3709 803 3770 hbher,
821 3707 857 3760 als
876 3707 917 3760 bei
935 3708 986 3760 den
998 3708 1114 3760 Romam.

928 3792 960 3847 p*
