2748 4486
477 373 536 433 rx.
562 370 710 456 conor.
1043 369 1086 434 ss

464 610 537 693 rx,
567 585 727 692 conon,

99 782 211 860 (loson
233 796 430 861 Atheniensis
452 801 533 862 b'ello
554 799 776 882 Peloponnesio
804 801 843 861 ad
866 799 1084 880 rempublicam
1106 804 1125 867 1

98 885 234 948 accessit
248 885 281 946 iu
296 904 392 965 eoque
406 887 472 948 eius
488 905 580 967 opera
592 887 698 964 magni
713 887 778 947 fuit.
823 885 902 948 Nam
917 905 986 946 cum
1000 905 1085 966 prae·

100 976 150 1034 tor
165 971 361 1051 pedestribus
376 972 472 1054 copiis
486 972 626 1054 praefuit,
642 976 707 1035 tum
719 992 792 1034 vero
809 973 980 1053 praefectus
996 973 1086 1034 classi

99 1075 233 1136 magnas
254 1076 305 1117 res
327 1057 405 1119 mari
426 1060 531 1137 gessit.
577 1058 663 1127 Quas
684 1060 722 1121 ob
738 1077 845 1120 causas
860 1059 1042 1139 praecipuus
1057 1059 1087 1118 si

101 1143 201 1204 honor
219 1143 342 1203 habitus
363 1147 418 1205 est.
463 1145 565 1225 Atque
586 1145 666 1204 hune
681 1143 883 1206 Athenienses
906 1162 974 1205 oum
996 1149 1087 1206 autea
1108 1145 1129 1210 5

100 1230 164 1290 iam
181 1229 247 1290 eius
263 1248 356 1310 opera
370 1230 418 1290 usi
430 1234 540 1305 essent,
557 1230 712 1291 Alcibiadi
727 1250 761 1292 re
776 1232 856 1311 apud
868 1229 993 1292 Notium
1007 1231 1087 1292 male

101 1319 193 1394 gesta
213 1334 283 1376 cum
305 1315 373 1376 aliis
396 1335 507 1378 novem
528 1316 654 1378 ducibus
684 1315 875 1378 suffecerunt.
926 1313 1087 1398 Reputans

101 1419 188 1476 vero,
216 1402 267 1461 cui
293 1401 364 1461 duci
389 1402 599 1479 successisset,
626 1404 754 1466 classem
780 1401 916 1464 maxima
937 1401 1088 1463 industria

104 1487 280 1560 exornavit3
303 1487 357 1547 sed
377 1487 506 1549 navibus
526 1489 680 1550 exercitus
694 1489 812 1564 deerat,
835 1489 1000 1550 fortissimo
1015 1505 1087 1567 quo·

102 1591 163 1652 que
189 1574 220 1633 in
246 1571 342 1634 Asiae
367 1575 560 1654 populatione
586 1577 706 1637 amisso.
751 1574 919 1638 Armantur
944 1593 1032 1635 senes
1057 1575 1089 1635 et
1110 1572 1152 1638 10

100 1659 191 1741 pueri
205 1658 381 1739 impuberes
396 1665 427 1721 et
440 1679 584 1722 numerus
595 1662 728 1723 militum
740 1661 805 1722 sine
816 1661 969 1722 exercitus
979 1661 1088 1722 robore

101 1745 256 1825 expletur.
303 1743 364 1806 Sed
386 1747 461 1807 haec
481 1747 614 1808 imbellis
635 1753 719 1810 aetas
741 1767 801 1808 non
816 1765 947 1824 magnae
962 1745 1089 1808 utilitati
1126 1785 1133 1800 ·

101 1832 143 1892 ed
158 1832 274 1892 bellum
290 1830 361 1906 fuit3
378 1833 546 1894 caeduntur
555 1833 670 1913 passim
686 1836 739 1893 aut
749 1833 903 1912 fugientes
915 1833 1088 1913 capiuntur;

101 1919 250 1998 tantaque
271 1919 391 1995 strages
412 1923 465 1980 aut
485 1921 653 1980 occisorum
676 1922 729 1979 aut
750 1918 941 1999 captivorum
961 1919 1034 1992 fuit,
1054 1921 1089 1977 ut

99 2003 339 2066 Atheniensium
351 2004 483 2066 deletum
494 2024 555 2065 non
566 2008 684 2065 tantum
695 2004 864 2084 imperium,
877 2021 984 2065 verum
995 2003 1089 2063 etiam
1112 1999 1153 2064 lb
1178 2043 1182 2050 ·

99 2107 214 2150 nomen
237 2088 402 2150 videretur.
449 2086 553 2151 Conon
577 2109 596 2151 a
618 2087 821 2164 Callicratide,
847 2089 925 2149 duee
938 2087 1090 2149 Lacedae·

21 2239 22 2242 ,
99 2175 284 2246 monimum,
312 2175 351 2236 ad
371 2175 543 2256 Mitylenen
568 2177 669 2237 victus
696 2175 779 2236 etin
804 2179 925 2256 portum
954 2173 1089 2235 inclusus

100 2261 235 2323 victoria
256 2261 378 2320 demum
401 2263 589 2342 collegarum
610 2262 691 2342 apud
711 2259 883 2342 Arginusas
907 2260 1023 2322 insulas
1042 2279 1089 2320 re

100 2350 225 2430 portata
245 2347 394 2410 liberatus
415 2351 470 2409 est.
515 2349 582 2410 Iam
604 2367 678 2410 vero
693 2346 896 2408 Athenienses
920 2347 959 2407 ad
974 2348 1090 2407 tentam

101 2433 239 2514 inopiam
254 2433 371 2494 redacti
386 2436 481 2511 erant,
497 2437 531 2495 ut
546 2437 724 2514 consumpta
743 2434 871 2495 militari
892 2436 993 2510 aetate
1016 2431 1090 2493 civi·
1112 2425 1155 2492 20

21 2579 23 2598 ,
103 2523 200 2580 tatem
216 2520 397 2599 peregrinis,
410 2521 509 2580 servis
519 2521 702 2596 libertatem,
716 2520 867 2584 damnatis
878 2520 1091 2602 impunitatem

104 2606 223 2666 darent.
269 2603 320 2664 Ex
337 2625 396 2684 qua
411 2606 583 2668 colluvione
596 2607 752 2668 hominum
768 2606 939 2686 conscripto
955 2605 1092 2666 exercitu

21 2703 23 2738 ὲ
104 2691 223 2753 domini
237 2695 330 2751 antea
344 2689 494 2753 Graeciae
507 2693 563 2752 vix
577 2693 750 2753 libertatem
766 2693 935 2754 tuebantur.
973 2692 1091 2752 Iterum

21 2783 23 2816 ³
105 2781 211 2838 tamen
226 2775 379 2838 fortunam
399 2779 493 2838 maris
515 2777 731 2860 experiendam
746 2779 920 2838 decernunt.
966 2775 1026 2836 Sed
1041 2793 1092 2834 ne·

21 2885 22 2904 ³
106 2883 168 2942 que
178 2863 205 2922 is
217 2861 306 2924 miles
320 2867 394 2938 erat,
406 2865 458 2944 qui
468 2884 578 2926 nomen
589 2862 822 2924 Atheniensium
833 2863 979 2935 tueretur,
994 2877 1093 2940 neque
1114 2854 1156 2920 25

108 2967 163 3010 eae
179 2949 272 3023 vires,
289 2950 398 3028 quibus
412 2951 537 3011 uincere
552 2950 743 3024 consuerant,
758 2965 857 3029 neque
872 2946 1001 3007 scientia
1014 2945 1093 3007 mili-

106 3035 186 3095 taris
201 3035 234 3094 in
248 3033 306 3111 his,
322 3054 398 3114 quos
412 3035 544 3111 uincula,
565 3055 625 3097 non
646 3039 745 3096 castra
766 3034 985 3096 continuerant.
1030 3032 1093 3093 Ita·

109 3137 169 3198 que
184 3139 288 3182 omncs
312 3121 392 3200 apud
407 3120 510 3203 Aegos
531 3123 643 3183 flumen
664 3123 717 3182 aut
737 3121 818 3201 capti
839 3121 891 3181 aut
906 3118 998 3180 occisi
1013 3120 1092 3179 sunt,

110 3203 197 3267 Unus
218 3205 283 3265 dux
298 3202 402 3268 Conon
422 3225 463 3268 ex
484 3207 600 3289 proelio
621 3207 784 3288 superfuit,
809 3207 860 3286 qui
881 3205 1094 3266 crudelitatem

113 3291 224 3352 civium
244 3293 384 3353 metuens
405 3312 474 3354 cum
496 3313 606 3355 novem
628 3293 759 3354 navibus
784 3291 898 3367 erasit,
921 3309 962 3352 ex
984 3291 1093 3371 quibus
1116 3283 1159 3347 30

114 3395 205 3438 unam
225 3376 379 3453 Athenas,
402 3392 436 3440 ut
459 3380 555 3442 cladis
579 3379 720 3440 nuntium
735 3380 893 3460 perferret,
910 3377 1008 3450 misit3
1026 3393 1094 3434 oum

113 3463 222 3548 ceteris
253 3463 292 3526 ad
321 3463 510 3544 Euagoram,
541 3483 647 3544 regem
678 3461 790 3544 Cypri,
825 3463 977 3542 hospitem
1006 3479 1095 3521 suum

57 3605 60 3610 r
102 3548 270 3617 eoncessit.
818 3598 821 3603 .

195 3635 245 3698 Ibi
260 3653 316 3716 por
332 3634 448 3714 aliquot
461 3655 556 3698 annos
571 3639 706 3698 moratus
722 3637 777 3696 est.
823 3631 900 3695 Cum
914 3652 988 3694 vero
1003 3631 1096 3694 Lace·
1117 3628 1153 3690 11

73 3697 487 3800 ‘'daemoniiDercylliuam
501 3722 651 3784 inhsiam
666 3721 705 3783 aa
719 3719 949 3783 bellumPersis
965 3719 1095 3780 inferes.
1118 3709 1160 3776 35
