2748 4486
289 368 331 434 38
608 367 662 430 VI.
687 363 948 430 ALCIBIADES.

288 536 1172 688 tettttztttttltttttttilbeth?
1187 537 1275 688 *lli

289 730 349 792 que
368 714 489 792 tempus
508 711 577 772 eius
600 709 804 772 interficiundi
818 729 965 790 quaerere
979 709 1187 772 instituerunt.
1234 711 1278 772 ld

288 795 465 859 Alcibiades
494 796 609 858 diutius
638 796 732 857 celeri
762 814 822 856 non
851 795 960 876 potuit.
1015 793 1093 858 Erat
1120 795 1206 858 enim
1237 815 1276 858 ea

245 879 267 947 5
290 881 467 966 sagacitate,
482 885 518 943 ut
530 881 631 963 decipi
646 899 706 944 non
720 883 832 962 posset,
853 881 1034 964 praesertim
1049 899 1119 944 cum
1134 881 1277 944 animum

290 968 472 1030 intendisset
486 968 526 1029 ad
541 966 719 1029 carendum.

205 1051 267 1118 VII
374 1052 483 1134 Itaque
499 1053 539 1114 ad
553 1052 799 1138 Tissaphernem,
814 1053 1002 1134 praefectum
1016 1051 1103 1114 Darii
1117 1051 1213 1132 regis,
1242 1073 1277 1116 se

290 1139 427 1202 contulit.
473 1135 569 1200 Cuius
592 1157 662 1201 cum
681 1139 713 1200 in
733 1137 872 1200 intimam
891 1137 1058 1202 amicitiem
1079 1138 1278 1219 peruenisset

290 1227 323 1288 et
335 1223 570 1287 Atheniensium
584 1225 666 1286 male
687 1224 784 1306 gestis
805 1225 838 1284 in
853 1222 959 1286 Sicilia
977 1225 1068 1286 nebus
1089 1243 1163 1305 opes
1186 1242 1276 1286 sene-

230 1309 272 1378 10
293 1329 389 1388 scere,
415 1313 521 1374 contra
535 1310 844 1372 Lacedaemoniorum
858 1327 996 1372 creseere
1021 1310 1157 1385 rideret,
1183 1309 1275 1372 initio

290 1417 360 1459 cum
369 1396 529 1473 Pisandro,
544 1396 681 1479 principe
696 1395 897 1478 optimatium,
914 1396 966 1476 qui
980 1395 1013 1458 in
1027 1395 1168 1458 exercitu
1190 1397 1277 1478 apud

291 1481 416 1544 Samum
438 1484 519 1557 erat,
550 1501 606 1562 per
633 1481 837 1544 internuntios
856 1481 1039 1562 colloquitur
1058 1486 1090 1542 et
1111 1481 1150 1542 de
1170 1481 1276 1543 reditu

290 1587 345 1629 suo
365 1567 438 1629 iacit
452 1567 637 1629 mentionem
642 1591 650 1641 ;
672 1570 801 1648 uterque
821 1566 904 1630 enim
918 1567 1019 1628 alieno
1035 1567 1135 1628 auimo
1150 1570 1219 1628 erat
1234 1569 1275 1629 ab

225 1681 229 1687 ·
290 1651 453 1726 Androcle,
469 1653 546 1713 duce
568 1653 709 1717 factionis
727 1652 892 1734 popularis.
936 1652 1097 1716 Pollicitus
1118 1655 1223 1717 autem
1246 1653 1276 1714 ei

228 1735 270 1802 15
292 1743 353 1813 est,
374 1757 408 1799 se
428 1741 459 1799 et
481 1737 716 1820 Tissaphernem
738 1743 770 1800 et
788 1757 895 1817 regem
909 1736 1074 1801 Persarum
1088 1758 1108 1800 a
1121 1737 1276 1800 lacedae-

291 1823 400 1972 ιὸιοιιίἰε
422 1823 625 1971 alienssturugn
646 1832 677 1886 ct
691 1843 766 1970 curul
775 1823 1012 1973 Atlgniffibl:
1032 1823 1275 1971 conciliaturum.

319 1927 371 1970 um
394 1927 469 1971 vcro
525 1927 592 1971 nean
614 1930 648 1971 er
694 1930 728 1972 ro
807 1927 825 1971 a
949 1930 984 1972 sa
1012 1927 1102 1973 aem
1125 1929 1251 1972 ramese

292 1994 469 2059 Alcibiades
489 1995 592 2057 verbis
612 1930 702 2056 huirls
716 1930 983 2062 easegcondicioues
1003 1929 1174 2077 prlposmt,
1197 1959 1277 2074 quae

292 2081 442 2143 Pisander
461 2080 520 2143 sibi
540 2075 709 2144 reiciendas
732 2081 931 2143 existimaret
976 2081 1054 2142 Tum
1075 2082 1112 2143 ab
1126 2100 1161 2142 eo
1177 2079 1274 2140 desti-

228 2164 272 2231 20
293 2169 377 2228 tutus
392 2167 525 2249 primum
539 2186 595 2248 per
609 2166 850 2248 Thrasybulum,
865 2166 943 2248 Lyci
956 2166 1067 2243 lilium,
1082 2167 1119 2227 ab
1132 2165 1274 2226 exercitu

292 2253 437 2398 recfirpitur
448 2255 634 2398 ἷξαέϊέιςιιθ
648 2252 683 2313 fit
697 2250 926 2398 apud-Slamutm,
941 2249 1117 2400 postt‘tllrllll
1130 2252 1274 2348 rogante,

292 2355 909 2503 :psepperpmperiprzmaepfieoitplopusplsplrsso
928 2354 1278 2504 clrenllulrasylllrlqlll

292 2507 490 2570 Theramene.
535 2507 656 2569 Horum
670 2508 701 2569 in
717 2508 845 2589 imperio
860 2511 947 2570 tauta
962 2508 1156 2570 commutatio
1172 2525 1277 2568 rerum

230 2589 272 2656 25
294 2593 376 2654 facta
391 2595 447 2670 est,
462 2594 498 2653 ut
511 2592 752 2670 Lacedaemonii,
777 2595 828 2674 qui
843 2595 933 2676 paulo
948 2600 1018 2655 ante
1038 2594 1172 2654 victores
1186 2591 1277 2673 vigu-

293 2680 388 2754 erant,
404 2678 559 2759 perterriti
573 2698 680 2761 pacem
694 2682 841 2762 peterent.
885 2680 967 2741 Victi
983 2678 1065 2741 enim
1085 2680 1173 2740 erant
1188 2679 1277 2758 quin-

292 2785 352 2846 que
361 2764 485 2846 proeliis
496 2766 702 2840 terrestribus,
714 2766 811 2827 tribus
822 2765 991 2840 navalibus,
1003 2765 1035 2826 in
1047 2765 1279 2844 quibusducen-

292 2855 341 2914 tas
366 2851 507 2914 triremes
534 2853 714 2927 amiserant,
746 2871 823 2932 quae
848 2853 899 2912 rel
925 2851 1084 2912 demersae
1112 2854 1199 2911 erant
1225 2851 1280 2910 rel

230 3019 273 3086 30
294 2940 400 3018 captae
414 2938 595 3084 iplhcstium
607 2940 756 3084 reuertant
770 2940 959 3085 prppestapem.
991 2936 1169 3082 AchiIbifides
1184 2934 1279 3082 sitmlul

295 3041 410 3084 eume
495 3044 522 3084 rs
603 3043 659 3084 ee
759 3041 856 3084 em
903 3041 1002 3095 oniae,
1073 3040 1209 3082 eeson
1247 3041 1279 3080 ιιι

294 3042 602 3190 ριιιοιθιοΑθξγᾶιιξιιθῗ
617 3043 911 3189 Arlllasppraeteroa
924 3108 1015 3168 urbes
1030 3040 1176 3181 Graecal,
1199 3125 1281 3186 quae

294 3195 326 3254 in
338 3213 392 3255 era
401 3194 478 3254 sitae
486 3194 718 3269 suntl'hraciae,
732 3213 859 3274 querum
871 3195 1086 3274 expugnarant
1096 3192 1281 3272 complures,

294 3281 327 3341 in
342 3279 390 3340 his
404 3277 596 3360 Byzantium,
610 3299 709 3360 neque
723 3281 824 3341 minus
838 3279 951 3341 multas
971 3277 1098 3341 consilio
1119 3279 1159 3340 ad
1173 3277 1280 3340 amici-

295 3366 369 3429 tiam
391 3365 607 3440 adiunxerant,
631 3366 711 3446 quod
730 3366 763 3428 iu
784 3363 1070 3446 captosclemeutia
1084 3364 1206 3425 fuerant
1219 3362 1279 3424 usi.

231 3446 275 3512 35
295 3453 344 3514 Ita
354 3471 404 3512 res
416 3450 724 3516 Lacedaemoniorum
733 3451 909 3513 debilitatae
920 3454 999 3527 suut,
1015 3449 1197 3531 praesertim
1209 3467 1280 3510 cum

256 3546 258 3550 ’
299 3537 533 3619 Tissaphernes,
556 3538 706 3619 impulsus
721 3537 759 3598 ab
774 3535 935 3597 Alcibiade
956 3536 997 3616 (is
1016 3536 1098 3597 enim
1114 3535 1143 3596 ci
1158 3551 1286 3616 persua-

296 3625 380 3684 serat
413 3623 581 3703 pctentiam
609 3621 916 3684 Lacedaemoniorum
944 3621 1035 3683 rebus
1060 3619 1194 3682 Persicis
1220 3639 1283 3683 nou

296 3706 397 3767 minus
418 3707 622 3787 periculosam
644 3707 724 3781 fore,
747 3725 838 3786 quam
859 3705 1093 3769 Atheniensium
1107 3703 1232 3790 fuisset)
1249 3710 1280 3766 et
