2748 4486
317 447 361 508 Π.
388 443 715 508 enumeremus.
968 445 1009 510 10

23 637 105 679 mum
118 617 318 692 reducerent,
343 618 424 698 quod
438 636 499 678 non
512 616 588 678 setis
603 619 702 678 tntum
715 637 750 678 se
765 615 860 696 Argis
874 616 1009 693 ridehet,

25 702 196 785 Corcyram
210 703 404 783 demigravit,
427 703 468 764 de
480 721 544 782 que
558 703 684 764 civitate
699 703 917 764 benemeritus
931 707 1007 765 eret.

22 790 70 851 ibi
84 809 158 851 omn
173 789 241 850 eins
255 789 409 870 principes
419 788 688 850 animadvertisset
702 789 818 864 timere,
836 793 1010 870 1199199191

24 895 55 936 99
77 876 200 936 helhum
215 872 397 956 Corcyreeis
412 872 644 936 Lacedaemonii
665 877 698 935 'et
714 872 918 938 Athenienses
933 873 1011 934 indi-

25 963 142 1036 cerent,
174 961 214 1023 ad
239 958 413 1035 Admetum,
447 959 651 1021 Molossorum
677 973 798 1039 regem,
828 974 1009 1039 quamquem
1051 957 1073 1022 5

25 1047 123 1108 anime
139 1046 203 1108 sihi
217 1046 340 1108 inimico
356 1065 424 1107 esse
439 1045 562 1120 scishut,
578 1046 725 1124 contegit.
771 1045 897 1109 Eccum
908 1046 1009 1106 renis-

24 1136 70 1194 set
91 1135 124 1194 et
144 1131 178 1192 iu
200 1131 376 1213 praesentis
394 1151 452 1192 rex
473 1133 610 1208 abesset,
640 1131 737 1192 filium
758 1132 825 1193 eius
845 1131 1009 1212 pertulum

24 1217 157 1298 erripuit
175 1221 209 1279 et
231 1237 300 1278 curn
322 1237 356 1278 eo
379 1237 412 1277 se
432 1217 464 1277 in
478 1218 595 1293 focum,
618 1218 670 1296 qui
694 1235 812 1280 summa
826 1217 1010 1278 9991119119

26 1301 190 1379 colebatur,
208 1302 345 1365 coniecit.
390 1303 467 1364 inde
482 1322 542 1365 non
562 1303 647 1383 prius
668 1321 811 1383 egressus
836 1306 896 1377 est,
919 1318 1010 1382 quem

25 1409 80 1448 rex
103 1409 176 1450 eum
198 1388 271 1450 dete
284 1389 401 1449 dextre
421 1389 453 1450 in
467 1388 558 1450 fidem
579 1389 707 1467 recepit,
732 1389 823 1468 quem
845 1387 1006 1469 praestitit.
1034 1385 1074 1448 10

26 1474 106 1536 Nam
120 1493 192 1535 cum
207 1475 245 1536 eh
259 1472 497 1535 Atheniensibus
513 1479 544 1535 et
558 1473 805 1536 Lacedaemoniis
820 1474 942 1554 publice
956 1486 1009 1532 ex-

26 1563 210 1639 posceretur,
223 1560 391 1640 supplicem
402 1579 463 1620 non
474 1559 616 1640 prodidit,
630 1560 685 1620 sed
697 1579 775 1637 eum,
791 1560 842 1640 qni
854 1560 893 1621 ed
904 1577 1011 1638 regem

26 1645 190 1707 Persarum
206 1645 358 1726 proficisci
371 1645 475 1720 vellet,
491 1644 633 1726 Pydnam
649 1646 759 1708 deduci
774 1646 864 1706 iussit
873 1648 913 1722 et,
929 1645 1010 1725 qued

27 1732 101 1792 setis
116 1735 199 1793 esset
213 1731 366 1812 praesidii,
385 1731 476 1792 dedit.
522 1729 583 1791 Hic
601 1749 712 1793 nerem
732 1732 871 1794 omnibus
886 1732 1010 1810 ignotis

26 1818 129 1878 nentis
144 1817 326 1880 conscendit.
355 1816 444 1886 Ques
459 1835 527 1878 enm
541 1820 724 1898 tempestate
738 1817 873 1880 1119111119
887 1817 1010 1879 Naxum
1033 1811 1074 1876 ll)

27 1903 178 1976 ferretur,
205 1902 256 1962 uhi
277 1907 344 1964 tum
364 1900 597 1964 Atheniensium
623 1906 690 1964 eret
718 1905 885 1977 exercitis,
915 1902 1011 1962 sensit

29 1986 261 2064 Themistocles,
275 1987 300 2048 si
312 2008 346 2050 eo
359 1988 558 2068 pervenisset,
574 1987 633 2050 sibi
644 2007 712 2049 esse
723 1990 919 2068 pereundum.
943 1987 1011 2048 Her.

30 2071 216 2133 necessitate
236 2076 355 2134 9999119
377 2075 498 2135 domino
520 2074 609 2135 nevis
631 2074 683 2153 qui
703 2079 786 2134 esset
806 2073 917 2154 sperit,
941 2091 1010 2132 eum

23 2157 205 2232 minaretur,
221 2159 278 2219 nisi
293 2179 327 2220 se
339 2163 559 2233 conservasset,
575 2177 609 2220 se
620 2159 772 2220 dicturum
786 2159 873 2219 illum
884 2158 1012 2238 pecunie

27 2249 205 2324 corruptum
220 2264 252 2304 se
267 2246 428 2325 recepisse.
473 2244 517 2306 At
538 2246 592 2307 ille
612 2245 692 2305 diem
713 2249 892 2324 noctemque
906 2243 1012 2324 procul
1033 2239 1076 2306 20

27 2331 65 2389 eh
86 2330 189 2390 insule
211 2330 243 2390 in
264 2329 329 2392 selo
351 2349 463 2392 nerem
484 2331 583 2392 tenuit
604 2331 635 2392 in
657 2332 776 2392 ancoris
795 2347 1010 2410 1991991911-

27 2433 118 2493 quem
143 2435 186 2476 911
208 2435 245 2476 es
265 2416 351 2476 exire
373 2436 481 2497 pessus
502 2421 556 2477 est.
601 2416 678 2478 Inde
692 2415 848 2496 Ephesum
870 2415 1011 2497 pertenit

28 2500 130 2581 ibique
147 2501 383 2580 Themistoclem
398 2502 536 2582 exponit;
560 2502 609 2562 eni
623 2502 673 2562 hic
693 2521 747 2582 pro
768 2502 886 2563 meritis
906 2505 1013 2582 pestes

27 2587 159 2663 gretiam
173 2586 288 2648 retulit.
1030 2586 1064 2646 X

113 2671 183 2733 Scio
205 2672 366 2754 plerosque
388 2672 433 2732 ite
453 2672 627 2752 scripsisse,
651 2671 887 2734 Themistoclem
903 2671 1012 2734 Xerxe
1032 2668 1075 2734 25

26 2760 176 2834 regnante
189 2757 223 2818 in
237 2757 346 2820 Asiam
366 2758 522 2820 transisse.
568 2757 628 2820 Sed
648 2777 706 2837 ego
721 2759 913 2838 potissimum
929 2758 1009 2818 Thu-

27 2843 132 2921 cydidi
155 2844 262 2920 credo,
284 2843 365 2923 qnod
388 2847 490 2904 991919
511 2844 669 2923 proximus
684 2844 798 2918 dehis,
821 2845 872 2922 qui
887 2844 1009 2903 illorum

27 2931 199 3008 temporum
214 2928 374 2990 historiam
388 2928 586 3008 reliquerunt,
603 2931 634 2990 91
648 2929 784 2990 eiusdem
796 2927 931 2990 civitatis
942 2920 1008 2988 fuit.

28 3013 60 3072 Is
76 3015 177 3076 eutem
193 3014 238 3075 911
252 3015 292 3075 ed
302 3014 509 3076 Artaxerxem
520 3033 590 3075 eum
604 3014 726 3075 venisse
740 3017 832 3094 etque
847 3013 894 3073 his
908 3012 1010 3074 vertis

28 3099 189 3177 epistolem
217 3099 353 3161 misisse:
384 3100 670 3162 Themistocles
691 3100 782 3162 reni
805 3101 851 3161 ed
871 3102 920 3175 te,
946 3099 1010 3178 qni
1032 3094 1075 3160 30

26 3183 196 3268 plurime
217 3185 315 3248 mela
338 3185 533 3248 hominum
548 3179 785 3248 Graecorum
805 3187 844 3248 in
864 3185 1010 3247 domum

26 3279 132 3332 tuem
154 3270 292 3347 intuli,
316 3273 493 3352 quamdiu
520 3270 611 3332 mihi
639 3289 805 3334 necesse
834 3273 924 3348 fuit,
954 3291 1011 3331 me

4 3371 47 3414 *a
83 3358 197 3434 petre
230 3360 292 3418 tuo
325 3357 546 3418 defendere
602 3357 709 3418 idem
742 3358 861 3420 multo
894 3357 1011 3438 plura

2 3461 5 3515 1
25 3441 232 3517 benefeci,
249 3446 445 3523 postquem
460 3443 498 3502 in
514 3445 594 3506 tuto
609 3443 693 3522 ipse
708 3442 832 3504 stille
850 3442 1010 3503 rediens

1 3520 6 3590 1
27 3525 66 3586 in
90 3527 271 3606 periculo
293 3547 382 3588 esse
411 3527 548 3607 coepit.
593 3525 641 3588 Ut
668 3527 793 3606 igitur
820 3525 1012 3588 beneficii
1033 3523 1076 3587 35

2 3607 7 3698 t
26 3613 158 3688 gretie
178 3614 265 3675 iure
289 3613 381 3674 mihi
403 3613 566 3674 debetur
582 3609 847 3698 (commemoravit
861 3617 963 3692 entem
978 3629 1011 3673 se

4 3695 77 3767 sailli
98 3695 233 3760 Graecos
253 3699 359 3778 hngem
379 3697 573 3761 adulantius
593 3699 696 3761 moliri
716 3699 883 3774 indicasse,
907 3701 940 3760 et
957 3713 1013 3760 sne

6 3779 268 3867 ἶ99919191119111
289 3789 354 3846 1911
376 3784 580 3864 interruptum
600 3804 661 3846 non
683 3805 764 3862 esse,
787 3785 819 3846 id
834 3785 914 3865 quod
929 3795 1012 3846 men·

843 3887 857 3917 'l‘

21 3899 68 3981 χ
825 3893 840 3940 2
