2748 4486
300 340 341 444 lO
647 342 673 403 Ι.
697 337 934 402 numanus.

298 511 400 576 auum
423 513 510 574 effusi
532 515 622 594 atque
643 511 785 586 obsoleti,
809 511 853 572 sic
872 510 945 572 olim
967 511 1049 592 apud
1070 509 1274 576 Athenienses

297 600 392 662 luisse
412 599 589 680 reperimus.
634 597 772 678 Namque
792 596 864 658 huic
886 595 1033 672 Miltiadi,
1062 599 1116 678 qui
1137 601 1274 662 Athenas
1360 623 1362 654 t

297 690 453 784 totamque
468 682 629 748 Graeciam
642 683 797 782 liberarat,
819 682 890 744 talis
904 683 1000 745 honor
1013 682 1134 784 habitus
1156 693 1220 762 est,
1243 690 1277 748 ut
1362 668 1367 798 l

255 769 1278 936 stattttttttttttttttttttttttttrttt

298 945 461 1025 poneretur
475 942 560 1021 isque
575 941 745 1002 hortaretur
758 939 872 1002 milites
887 939 1098 1020 proeliumque
1108 943 1279 1004 committe·
1366 943 1367 948 ’

298 1033 354 1089 ret.
397 1027 485 1089 idem
500 1027 552 1087 ille
574 1026 704 1107 populus
725 1029 920 1106 posteaquam
939 1025 1038 1086 maius
1051 1026 1218 1108 imperinm
1232 1033 1280 1090 est

298 1116 406 1174 nactus
421 1117 452 1174 et
465 1113 627 1193 largitione
638 1111 870 1190 magistratuum
884 1115 1043 1192 corruptus
1053 1118 1109 1190 est,
1124 1118 1280 1176 trecentas

299 1198 461 1279 sexaginta
475 1203 591 1260 statim
605 1197 759 1260 Demetrio
775 1197 923 1268 Phalereo
939 1197 1084 1262 decrerit.

236 1285 278 1352 10
292 1285 343 1346 IX
386 1282 429 1345 At
443 1283 599 1346 Miltiades
614 1303 684 1344 cum
698 1287 787 1345 antea
801 1283 862 1346 iam
877 1282 1114 1344 Atheniensibus
1129 1285 1280 1365 probatus

299 1372 415 1445 fuisset,
438 1374 503 1431 tum
525 1390 598 1432 vero
619 1373 688 1449 post
707 1389 773 1432 rem
787 1369 826 1431 ad
840 1367 1050 1430 Marathonem
1065 1369 1142 1432 bene
1156 1379 1279 1448 gestam

299 1459 413 1518 maiore
427 1456 519 1516 etiam
534 1456 633 1534 gloria
648 1460 755 1516 auctus
770 1459 825 1515 est.
864 1453 959 1515 Brevi
973 1458 1043 1536 post
1056 1457 1094 1516 ab
1109 1455 1280 1518 Athenien-

299 1543 382 1603 sibus
402 1542 596 1620 septuaginta
617 1559 711 1602 naves
731 1559 805 1614 cum
819 1540 968 1600 militibus
988 1549 1019 1602 et
1034 1543 1164 1620 pecunia
1178 1543 1278 1622 petiit,

299 1647 368 1688 eum
389 1626 427 1686 iis
448 1626 652 1702 condiceret,
675 1625 724 1686 cui
744 1625 863 1704 regioni
884 1625 999 1686 bellum
1021 1629 1103 1688 esset
1123 1627 1279 1705 illaturus,
1365 1657 1367 1742 q

236 1709 277 1779 15
299 1713 353 1773 sed
368 1713 574 1774 tantummodo
590 1711 616 1772 si
630 1731 664 1773 se
674 1716 880 1791 sequerentur,
897 1731 931 1772 se
942 1711 1012 1772 illos
1021 1712 1279 1792 locupletaturum

299 1803 331 1860 et
343 1799 376 1860 in
390 1817 458 1858 cam
472 1797 628 1876 regionem
644 1797 814 1874 ducturum,
830 1796 910 1858 unde
924 1797 1008 1858 nullo
1023 1799 1146 1878 negotio
1162 1798 1278 1861 affatim

300 1885 368 1946 auri
381 1887 581 1966 reportarent.
611 1882 670 1944 His
684 1883 787 1944 verbis
799 1883 1001 1944 Athenienses
1016 1884 1055 1945 ad
1066 1904 1137 1964 spes
1147 1885 1279 1946 maiores

299 1971 394 2032 erecti
407 1988 504 2051 naves
514 1988 590 2050 quas
600 1972 780 2051 poposcerat
790 1969 819 2030 ei
829 1969 1028 2044 tradiderunt,
1043 1970 1153 2050 quibus
1165 1969 1279 2033 Miltia·
1364 1965 1366 2008 ἶ

299 2057 354 2120 des
369 2057 502 2137 acceptis
516 2056 631 2136 aliquot
645 2057 760 2117 insulas
775 2054 859 2129 adiit,
875 2074 950 2134 quas
965 2054 1114 2116 militibus
1129 2056 1274 2136 expositis
1365 2065 1367 2134 l

235 2141 278 2206 20
298 2143 442 2218 rastamt,
458 2141 691 2204 deindeParum
702 2141 864 2219 navigavit
871 2160 928 2220 per
938 2140 1071 2220 speciem
1085 2139 1271 2202 ulciscendae
1365 2189 1366 2194 ,

299 2229 442 2304 iniuriae,
467 2249 556 2308 quarn
579 2228 662 2289 Parii
683 2227 870 2298 intulissent,
897 2226 976 2305 quod
996 2245 1057 2288 una
1081 2245 1150 2288 cum
1167 2225 1271 2286 Persis

300 2314 417 2374 triremi
436 2313 617 2375 Marathona
635 2313 800 2373 venissent.
849 2310 919 2372 Hac
939 2309 1061 2391 quidem
1083 2311 1275 2374 simulatione

300 2399 462 2460 verborum
482 2419 555 2458 usus
575 2401 635 2474 est,
656 2398 710 2459 sed
730 2397 866 2458 infensus
886 2402 952 2458 erat
965 2396 1065 2458 Pariis
1086 2399 1124 2458 ob
1139 2398 1276 2479 Lysago·

299 2502 374 2559 ram,
389 2482 491 2543 Pisiae
501 2482 608 2558 filium,
617 2501 730 2561 genere
740 2482 873 2556 Parium,
890 2483 941 2562 qui
951 2482 1050 2562 ipsum
1062 2485 1142 2564 apud
1153 2483 1278 2564 Hydar-

236 2565 278 2634 25
299 2589 371 2629 nem
384 2568 511 2630 Persam
526 2571 730 2630 accusaverat.
774 2567 821 2630 Eo
836 2575 996 2648 postquam
1010 2569 1096 2630 venit
1108 2570 1277 2645 Miltiades,

239 2669 241 2676 ’
301 2653 408 2714 Parios
429 2653 509 2714 intra
530 2653 650 2716 moenia
668 2654 752 2715 urbis
780 2654 952 2734 compulsos
978 2655 1097 2716 obsedit
1123 2657 1280 2736 missoque

301 2739 499 2801 caduceatore
521 2742 641 2800 centum
661 2741 777 2801 talenta
796 2739 933 2820 poposcit
953 2741 1143 2817 denuntians,
1165 2742 1226 2802 nisi
1241 2761 1280 2802 ea

301 2826 359 2886 sibi
382 2825 552 2901 dedissent,
581 2845 614 2886 se
635 2845 695 2887 non
723 2827 807 2906 prins
836 2827 937 2905 copias
965 2826 1036 2887 inde
1064 2827 1279 2902 abducturum,

301 2931 391 2992 quam
406 2912 511 2972 urbem
527 2912 665 2992 cepisset.
710 2911 771 2974 Sed
785 2911 869 2973 Parii
884 2915 1003 2973 tanturn
1025 2913 1131 2973 aberat
1145 2917 1180 2972 ut
1195 2914 1280 2993 quic·

236 2995 279 3060 30
301 3017 391 3077 quam
406 2998 552 3077 pecuniae
567 2998 683 3074 darent,
699 3001 733 3059 nt
746 2998 853 3058 urbem
863 2997 981 3058 firmius
995 2997 1149 3060 munirent
1163 3002 1194 3059 et
1209 2999 1282 3060 dili-

300 3083 422 3162 geutius
437 3084 633 3156 custodirent,
649 3083 724 3145 adeo
739 3087 774 3143 ut
787 3103 826 3143 ne
847 3087 940 3144 noctu
959 3083 1082 3162 quidem
1103 3084 1280 3146 intermisso

300 3187 392 3248 opere
407 3189 527 3229 murum
542 3168 634 3248 duplo
650 3169 790 3230 altiorem
805 3187 894 3248 quam
908 3172 979 3230 aute
999 3169 1099 3230 luerat
1112 3170 1279 3248 erigerent.

247 3255 281 3316 X
386 3253 552 3334 Postquam
567 3255 673 3316 urbem
685 3254 825 3335 operibus
837 3254 947 3316 clausit
956 3255 1097 3334 omnique
1108 3258 1282 3317 commeatu

301 3339 463 3420 prohibuit,
479 3341 578 3402 vineis
586 3340 846 3419 testudinibusque
858 3339 1030 3401 constitutis
1040 3341 1165 3422 propius
1175 3360 1280 3402 ‘acces-

236 3423 279 3488 35
301 3427 342 3486 sit
354 3445 466 3488 muros.
512 3423 589 3486 Cum
603 3426 664 3487 iam
678 3426 709 3487 in
724 3446 759 3487 eo
780 3429 874 3500 esset,
895 3430 930 3486 ut
949 3426 1060 3506 oppido
1082 3427 1233 3508 potiretur
1247 3432 1281 3488 et

301 3511 444 3593 oppidani
460 3531 493 3572 se
506 3511 539 3572 id
554 3513 718 3574 tradituros
733 3511 956 3592 pollicerentur,
978 3513 1084 3592 procul
1098 3513 1133 3573 in
1144 3513 1279 3592 Mycono

300 3597 400 3658 insula
415 3598 510 3674 lucus,
525 3598 576 3676 qui
591 3618 627 3658 ex
642 3596 721 3658 Paro
737 3596 990 3677 conspiciebatur,
1012 3598 1113 3661 nescio
1128 3617 1187 3678 quo
1203 3617 1280 3660 casu
1366 3623 1367 3706 q

301 3686 448 3746 nocturno
462 3685 599 3764 tempore
613 3684 753 3744 incensus
768 3688 822 3743 est.
851 3679 944 3744 Cuius
958 3685 1080 3745 flamma
1094 3689 1128 3744 ut
1142 3687 1189 3744 est
1200 3684 1278 3759 visa,
