2720 4482
285 357 348 422 118
592 357 702 420 XXII.
726 355 954 420 HANNIBAL.

282 529 385 591 verba.
436 527 576 610 Namque
604 530 735 591 obducta
763 531 851 591 noete
880 531 1034 592 sarmenta
1062 531 1094 591 in
1125 532 1275 593 cornibus

281 615 481 676 iuvencorum
506 615 643 693 deligata
668 615 804 676 incendit
829 615 953 696 eiusque
979 617 1101 694 generis
1131 617 1276 680 multitu-

283 701 386 762 dinem
408 719 553 780 magnam
574 702 707 782 palatam
730 701 761 760 in
784 705 902 762 montes
923 702 1057 762 immisit.
1103 701 1167 772 Qui
1193 721 1274 764 vero

284 787 324 848 ad
345 787 507 848 transitum
528 787 624 848 saltus
639 787 831 848 insidendum
846 787 939 848 leuati
954 790 1048 863 erant,
1072 789 1125 848 ubi
1139 789 1172 848 in
1187 807 1276 850 snm-

237 873 342 936 amis
364 873 517 933 montibus
540 890 576 933 ae
598 891 690 952 super
712 892 745 932 se
767 872 914 951 quosdam
929 873 1016 952 ignes
1032 878 1275 952 conspexerunt,

283 960 506 1018 oiroumventos
537 977 570 1017 se
598 958 658 1018 rati
687 957 837 1038 praesidio
867 963 1073 1019 excesserunt.
1125 957 1168 1019 Et
1194 961 1276 1020 dum

282 1043 414 1104 Romani
428 1043 515 1102 velut
537 1043 685 1104 miraculo
708 1043 829 1104 attoniti
850 1049 937 1104 extra
950 1044 1067 1105 vallum
1083 1045 1192 1122 egredi
1207 1065 1277 1106 non

282 1128 403 1201 audent,
418 1128 536 1189 interea
546 1128 700 1189 Hannibal
712 1133 808 1189 totum
821 1147 931 1206 agmen
947 1148 1002 1209 per
1016 1129 1112 1190 saltus
1127 1131 1277 1192 traduxit

285 1217 317 1290 et
331 1215 363 1273 in
379 1233 453 1292 agro
469 1214 604 1276 Allifano
618 1215 722 1295 posuit
736 1218 844 1274 eastra.

219 1298 261 1364 10
276 1301 306 1361 V
370 1300 460 1360 Hane
485 1306 554 1379 post
579 1319 645 1360 rem
671 1303 790 1378 gestam
816 1318 878 1359 non
903 1300 947 1360 ita
970 1299 1077 1361 multis
1104 1298 1215 1360 diebus
1239 1301 1274 1360 in

282 1385 396 1466 Apulia
416 1386 457 1446 M.
482 1385 649 1446 Minucium
664 1385 794 1461 Rufum,
818 1385 1000 1464 magistrum
1022 1385 1175 1465 equitum,
1200 1387 1274 1465 pari

281 1489 318 1532 ao
333 1471 513 1532 dictatorem
533 1472 659 1551 imperio
682 1472 751 1532 dolo
771 1471 802 1530 in
817 1471 967 1551 proelium
982 1470 1163 1550 produntum
1177 1472 1273 1550 suga-

281 1557 329 1618 vit
349 1557 474 1635 eiusque
497 1557 666 1617 exereitum
692 1557 872 1632 delevisset,
897 1557 956 1616 nisi
983 1556 1096 1616 Fabius
1124 1556 1273 1634 dictator,

282 1641 368 1701 velut
392 1642 475 1701 eoelo
499 1641 648 1704 demissus
673 1646 799 1722 repente
823 1641 939 1702 auxilio
964 1642 1148 1702 advenisset.
1174 1639 1270 1713 ‘Quo

217 1724 261 1790 15
284 1727 361 1788 lacto
376 1724 581 1787 Hannibalem
596 1747 636 1788 ax
650 1728 715 1788 aoie
729 1729 908 1788 redeuntem
929 1727 1045 1787 dixisse
1060 1727 1179 1801 ierunt,
1203 1731 1272 1789 tan-

282 1813 440 1872 dameam
462 1812 588 1886 nubem,
616 1831 694 1893 quae
716 1813 822 1873 sedere
843 1813 875 1871 iu
896 1813 977 1892 iugis
1000 1813 1148 1873 montium
1175 1814 1272 1874 solita

283 1902 377 1972 esset,
405 1917 474 1958 oum
499 1899 634 1978 procella
658 1899 771 1959 imbres
800 1897 929 1958 dedisse.
979 1897 1069 1958 Anno
1096 1899 1273 1978 insequenti

283 1984 342 2045 duo
359 1984 506 2059 eonsules,
523 1985 660 2045 homines
673 1984 796 2062 ingenio
817 1983 1030 2058 diversissimi,
1055 1980 1087 2044 Ο.
1105 1983 1271 2045 Terentius
1358 2017 1359 2070 4

282 2069 381 2131 Varro
404 2073 435 2130 et
456 2070 489 2128 L.
513 2068 664 2130 Aemilius
685 2069 813 2143 Paulus,
838 2069 932 2130 creati
955 2071 1039 2141 suut,
1063 2089 1194 2147 quorum
1218 2071 1271 2130 hie
1358 2071 1359 2074 ’

215 2153 261 2220 20
282 2157 457 2235 exemplum
472 2154 559 2216 Fabii
580 2159 701 2216 seoutus
721 2175 787 2215 rem
807 2153 954 2215 trahendo
970 2153 1176 2215 Hannibalem
1199 2156 1270 2217 fati·

281 2261 356 2320 gare
367 2241 516 2314 studebat,
533 2241 585 2301 ille
596 2242 677 2303 omni
689 2241 788 2301 animo
802 2241 841 2300 ad
851 2240 1089 2318 depugnandum
1100 2241 1268 2302 terebatur.

281 2326 324 2386 Hi
340 2327 378 2387 ad
394 2324 521 2399 Cannas,
538 2327 640 2387 viuum
654 2325 797 2406 Apuliae,
811 2327 939 2405 prole'eti
955 2328 1038 2399 sunt,
1065 2344 1160 2404 prope
1176 2346 1270 2405 quem

282 2410 436 2472 Hannibal
457 2415 556 2472 eastre
578 2413 735 2490 posuerat,
759 2430 868 2472 aversa
882 2429 901 2471 a
915 2410 1068 2470 Vulturno
1083 2414 1193 2488 vento,
1216 2411 1268 2490 qui

282 2496 314 2556 in
335 2495 449 2574 eampis
470 2495 533 2555 illis
556 2497 644 2556 sieois
666 2499 697 2556 et
723 2496 857 2556 arenosis
883 2497 978 2556 nubes
1005 2496 1142 2576 pulveris
1169 2497 1262 2558 vehit.

215 2579 261 2646 25
284 2577 361 2642 Cum
381 2581 420 2641 ad
440 2579 677 2660 depugnandum
693 2581 965 2659 oongrederentur‚
992 2581 1147 2642 Hannibal
1169 2582 1266 2643 aeiem
1356 2601 1357 2606 ¹

281 2667 325 2729 ita
345 2666 504 2742 instruxit,
530 2671 565 2727 ut
584 2667 611 2727 is
633 2670 744 2728 ventus
765 2667 827 2728 suis
853 2668 962 2746 copiis,
991 2666 1023 2726 in
1044 2669 1267 2746 septentriones

281 2753 395 2830 versis,
418 2773 436 2815 a
458 2756 545 2834 tergo
561 2755 654 2827 esset,
675 2751 821 2816 Romanis
837 2753 984 2814 adversus
999 2757 1120 2814 ooortus
1135 2753 1267 2814 multum

281 2840 418 2920 pulveris
441 2839 473 2899 in
496 2840 563 2920 ipsa
584 2859 638 2902 ora
657 2840 787 2901 volvens
810 2842 1004 2918 prospectum
1019 2838 1176 2899 adimeret.
1222 2837 1267 2900 Eo

283 2926 378 3004 igitur
401 2925 465 3001 die,
488 2945 547 3005 quo
563 2924 723 2986 Terentius
745 2925 871 3005 imperio
887 2927 1026 3004 praeerat
1042 2921 1127 3006 (nam
1143 2924 1269 2985 alternis
1355 2925 1356 2942 ¹

215 3008 263 3074 30
284 3011 401 3071 vicibus
422 3009 627 3094 imperabant)
649 3011 799 3090 proelium
821 3009 986 3082 commisit,
1009 3029 1068 3090 quo
1083 3008 1215 3072 Romani
1238 3011 1269 3070 et

282 3099 405 3174 propter
424 3096 615 3175 iniquitatem
635 3096 694 3157 loei
714 3100 746 3156 et
766 3095 837 3174 quia
853 3093 1007 3156 Hannibal
1021 3095 1053 3154 in
1068 3093 1197 3174 planitie
1211 3093 1270 3156 illa

282 3179 346 3239 lata
371 3181 483 3258 optime
508 3181 661 3258 equitibus
681 3181 727 3241 uti
753 3182 887 3260 poterat,
912 3180 973 3240 fusi
998 3179 1158 3260 fugatique
1185 3185 1267 3241 sunt.

283 3262 359 3324 Plus
380 3264 599 3344 quinquaginta
620 3266 706 3326 milia
727 3265 934 3326 Romanorum
956 3265 1009 3325 vel
1023 3266 1055 3325 in
1071 3284 1177 3349 pugna
1191 3266 1270 3346 ipsa,
1353 3213 1355 3324 A

283 3349 336 3410 vel
351 3348 382 3411 in
396 3349 471 3428 fuga
485 3350 585 3410 oooisa
599 3354 679 3423 sunt,
695 3351 726 3410 in
741 3350 779 3410 iis
790 3348 940 3410 Aemilius
952 3349 1067 3412 Paulus
1083 3351 1199 3426 consul,
1216 3351 1271 3430 qui

215 3433 263 3500 35
284 3435 449 3496 fortissime
462 3453 603 3515 pugnans
617 3435 698 3497 eladi
713 3440 868 3515 superstes
883 3455 950 3497 esse
972 3435 1084 3510 noluit;
1107 3437 1272 3498 Terentius

284 3521 382 3583 Varro
409 3519 530 3600 effugit,
562 3519 612 3582 oni
637 3520 767 3582 Romam
790 3522 931 3582 redeunti
955 3522 1117 3582 universus
1142 3525 1271 3584 senatus

283 3608 406 3667 obviam
432 3607 531 3668 faetus
545 3606 663 3687 gratias
685 3606 763 3686 egit,
790 3607 871 3686 quod
893 3607 932 3669 de
954 3606 1112 3690 republica
1133 3626 1194 3670 non
1216 3607 1273 3668 de

285 3695 446 3773 sperasset.

1314 4179 1321 4205 ¹
