2748 4486
309 351 350 415 14
596 355 639 414 H.
663 351 987 418 rnamlanocaae.

306 525 511 588 onerariarum
542 527 759 606 sequebantur,
801 528 961 588 terrestres
993 527 1094 588 autem
1128 526 1284 588 exercitus

305 609 407 672 decies
435 612 547 693 septies
571 617 766 673 centenorum
791 611 940 692 peditum,
967 612 1101 692 equitum
1128 611 1287 692 octoginta

305 699 424 760 milium
438 700 583 775 fuerunt),
603 694 730 758 Graecis
742 697 829 759 initio
844 698 972 778 placuit,
992 698 1024 760 in
1039 701 1122 758 terra
1136 697 1285 759 dimicare

306 789 338 846 et
358 785 496 847 barbaris
517 802 608 863 qnam
627 782 803 862 longissime
830 801 996 845 occurrere.
1041 781 1142 844 Huius
1164 783 1286 844 consilii
1354 823 1355 840 t

262 872 284 938 b
306 875 410 933 auctor
420 871 479 932 fuit
488 868 717 943 Themistocles,
733 868 786 948 qui
796 868 929 930 maxime
941 869 1144 944 contenderat,
1157 872 1192 930 ut
1202 869 1286 930 bella
1354 867 1355 890 ³

306 957 473 1019 domestica
498 957 622 1036 propter
648 954 817 1034 perieulum
838 954 1000 1016 imminens
1021 959 1284 1035 componerentur.

305 1043 417 1122 Itaque
436 1041 547 1104 missus
569 1047 616 1102 est
635 1059 703 1100 cum
724 1039 829 1102 decem
850 1040 974 1102 milibus
988 1041 1094 1119 gravis
1108 1043 1285 1102 armaturae

305 1129 344 1192 ad
357 1129 481 1204 vallem,
497 1126 546 1188 eui
557 1125 676 1205 ¹Teurpe
690 1145 799 1186 nomen
814 1131 888 1200 erat,
904 1126 1109 1206 occupandam
1123 1127 1286 1188 barbaros-

305 1235 365 1296 que
380 1233 438 1294 quo
457 1212 557 1274 minus
575 1211 809 1290 ingrederentur
828 1212 1038 1292 prohibendos.
1083 1207 1161 1273 (lum
1179 1215 1286 1274 tamen

243 1301 284 1366 10
307 1299 417 1363 Graeci
430 1299 580 1372 timerent,
596 1317 635 1358 ne
649 1297 949 1372 circumvenirentur,
968 1297 1102 1378 regressi
1116 1301 1200 1373 sunt,
1224 1319 1284 1378 quo

303 1389 385 1448 facto
396 1384 555 1459 Leonidas,
570 1383 879 1446 Lacedaemoniorum
888 1403 953 1458 rex,
969 1402 1039 1444 cnm
1050 1382 1176 1444 delectis
1189 1383 1285 1444 Ther-

305 1473 444 1552 mopylas
470 1469 644 1549 occupavit,
671 1489 710 1530 ne
729 1467 843 1530 Persae
870 1469 992 1548 longius
1016 1467 1283 1549 progrederentur.
1355 1489 1356 1506 ι

306 1557 367 1620 Sed
388 1575 458 1618 cum
479 1556 511 1616 hi
532 1555 610 1616 ealle
631 1574 685 1635 per
705 1553 814 1616 Oetam
836 1557 970 1616 montem
991 1557 1158 1618 monstrato
1178 1555 1241 1618 illis
1266 1575 1286 1617 a

304 1651 392 1722 tergo
406 1642 480 1703 iacti
494 1644 603 1716 essent,
618 1641 713 1702 maior
728 1660 798 1720 pars
812 1659 899 1702 suam
910 1641 1036 1721 quisque
1046 1639 1169 1702 domum
1181 1642 1283 1716 rediit,

242 1729 283 1794 lb
304 1728 456 1790 Leonidas
479 1745 547 1787 oum
568 1726 713 1786 trecentis
732 1725 895 1806 Spartiatis
914 1731 946 1787 et
960 1725 1209 1808 Thespiensibus,
1231 1729 1283 1808 qui

304 1818 525 1888 remanserant,
558 1812 722 1872 fortissime
754 1817 925 1893 pugnantes
950 1832 986 1874 eo
1010 1810 1075 1874 looo
1101 1813 1283 1875 interienmt

305 1920 416 1962 omnes.
460 1898 504 1961 At
517 1897 624 1958 classis
639 1897 805 1958 communis
821 1894 969 1960 Graeciae
988 1900 1196 1960 trecentarum
1217 1900 1281 1960 fere

303 1986 438 2060 navium,
453 1983 608 2064 inquibus
623 1981 771 2046 ducentae
786 1992 872 2045 erant
886 1981 1132 2060 Atheniensium,
1148 1984 1279 2065 primum
1356 1997 1357 2000 ’

209 2137 219 2160 ·
304 2073 385 2153 apud
398 2069 599 2133 Artemisium
613 2069 693 2130 inter
706 2067 863 2131 Euboeam
884 2070 1147 2149 continentemque
1167 2071 1274 2130 terram

239 2158 282 2224 20
305 2177 373 2219 oum
392 2155 556 2220 classiariis
575 2155 671 2236 regiis
691 2155 835 2216 conflixit.
873 2154 1043 2234 Angustias
1063 2155 1145 2216 enim
1158 2153 1271 2216 Themi-

304 2243 415 2306 stocles
430 2241 607 2322 quaerebat,
630 2260 669 2302 ne
686 2239 882 2302 multitudine
897 2241 1171 2302 circumveniretur.
1213 2237 1273 2299 Hic

198 2397 202 2404 ,
304 2329 362 2390 etsi
376 2328 444 2410 pari
458 2326 573 2408 proelio
587 2325 799 2400 discesserant,
818 2329 919 2388 tamen
932 2326 1040 2388 eodem
1054 2327 1121 2389 loco
1135 2328 1278 2389 nunaunt

303 2413 371 2476 ausi
389 2432 525 2488 manere,
547 2412 627 2490 quod
646 2411 842 2473 metuendum
863 2416 943 2488 erat,
963 2432 1003 2473 ne
1023 2412 1049 2472 si
1069 2431 1141 2493 pars
1154 2410 1278 2474 navium

303 2497 548 2561 adversariorum
562 2494 718 2559 Euboeam
732 2501 915 2577 superasset,
931 2497 1055 2578 ancipiti
1069 2504 1280 2578 premerentur
1357 2513 1358 2520 ¹

239 2587 282 2652 25
303 2584 447 2665 periculo.
490 2582 538 2644 Ac
550 2583 672 2646 barbari
687 2581 808 2661 quidem
822 2602 917 2646 naves
938 2582 1000 2644 iam
1020 2583 1181 2660 miserant,
1202 2603 1282 2664 quae

303 2669 459 2732 Euboeam
474 2672 661 2750 superarent,
688 2687 742 2731 eae
766 2671 869 2730 tamen
884 2671 1063 2751 tempestate
1077 2673 1144 2732 orta
1158 2671 1281 2731 naufra-

302 2757 389 2837 gium
402 2757 547 2819 iecerunt
571 2756 679 2836 Itaque
689 2755 726 2816 ab
736 2754 900 2816 Artemisio
915 2755 1121 2817 discesserunt
1131 2758 1164 2815 et
1174 2760 1283 2818 oonha

302 2843 439 2906 Athenas
454 2838 697 2923 apudSalamina
707 2841 835 2904 classem
850 2859 937 2902 suam
948 2841 1176 2904 constituerunt
1201 2837 1281 2904 Cum

303 2933 406 2990 autem
425 2947 481 3009 per
499 2929 611 2990 fretum
625 2925 773 3008 Euripum
794 2927 990 3006 navigarent,
1013 2926 1234 2988 Themistocles
1248 2928 1282 2988 in

239 3015 282 3081 30
303 3015 402 3090 saxis,
428 3014 537 3094 quibus
562 3013 637 3074 locis
660 3012 835 3092 aquationes
862 3019 963 3089 erant,
992 3013 1220 3074 exhortationes
1240 3013 1282 3073 ad

302 3102 395 3162 Iones
404 3099 611 3160 inscribendas
625 3098 753 3173 curarit,
768 3103 804 3159 ut
816 3117 836 3159 a
848 3117 923 3178 rege
937 3098 1102 3160 delicerent
1116 3117 1282 3178 secumque

304 3187 452 3260 facerent,
475 3184 528 3246 vel
548 3184 576 3245 si
597 3183 629 3245 id
650 3184 750 3246 minus
771 3190 906 3265 possent,
928 3184 1084 3266 inpugna
1102 3184 1206 3246 nauali
1228 3204 1282 3246 res

303 3231 468 3332 Persaruin
482 3269 703 3350 perturbarent.
745 3266 896 3350 Sperabat
908 3269 941 3330 id
955 3270 1064 3333 saltem
1084 3269 1230 3346 futurum,
1245 3273 1284 3332 ut

303 3357 394 3419 Iones
407 3353 533 3416 Persis
524 3375 555 3416 1n
570 3355 772 3438 suspicionem
784 3356 932 3418 venirent

238 3441 349 3507 351v
392 3441 607 3517 Athenienses,
630 3441 687 3522 qui
714 3442 847 3504 maxime
868 3442 931 3522 peti
959 3440 1131 3502 dicerentur
1152 3445 1244 3522 propt
1245 3461 1283 3502 er

303 3547 438 3609 pugnam
452 3488 691 3602 Marathoniam,
714 3527 775 3588 iam
795 3531 884 3588 antea
897 3521 1032 3608 Delphos
1046 3525 1194 3589 miserant
1207 3546 1282 3590 eon·

303 3615 426 3689 sultum,
447 3613 591 3694 quidnam
604 3606 739 3674 feterent
753 3613 792 3673 de
806 3612 897 3674 rebus
912 3613 984 3674 suis.
1028 3611 1140 3694 Pythia
1153 3631 1281 3694 respon·

303 3699 398 3775 derat,
413 3700 542 3762 salutem
556 3699 651 3760 muris
666 3697 777 3777 ligneis
791 3702 938 3780 peterent.
971 3698 1010 3760 Id
1024 3717 1203 3782 responsum
1217 3718 1282 3780 qno
