2748 4486
402 374 445 434 Π.
468 371 794 436 THEMISTOCLES.
1044 373 1086 439 13

96 546 313 610 ferocissimos
326 544 435 626 pullos,
450 542 477 606 si
491 548 609 608 mature
627 546 823 608 domarentur
843 549 875 606 et
888 547 1084 626 fingerentur,

99 634 241 715 optimos
254 630 322 692 fieri
336 649 438 710 equos.
482 629 572 701 Quod
587 651 660 694 vero
676 632 771 711 vulgo
782 635 915 707 narrant,
931 651 1001 695 eum
1016 652 1085 694 cum

97 718 235 782 liberius
249 718 371 778 viveret
385 719 417 776 et
429 735 494 778 rem
508 717 688 779 familiarem
701 717 883 798 negligeret,
898 722 1018 798 epatre
1032 739 1085 780 ex·
1181 714 1186 724 '

96 805 288 867 heredatum
303 821 380 877 esse,
394 802 427 863 id
441 801 562 865 videtur
575 802 679 864 fiotum
694 806 726 864 et
740 803 991 865 commenticium.

195 888 274 952 Cum
286 896 390 950 tamen
403 891 528 969 propter
541 888 638 950 vitam
647 888 825 951 'liberiorem
840 888 971 970 aliquam
982 891 1085 952 notam
1106 885 1171 952 115

97 976 255 1051 subisset,
276 973 438 1050 iudicavit,
455 991 523 1034 eam
537 973 604 1036 sine
618 993 737 1036 summa
751 975 901 1038 industria
922 993 981 1038 non
995 994 1086 1056 posse

99 1060 265 1142 exstingui
279 1068 311 1121 et
321 1063 418 1122 totum
432 1079 467 1120 se
481 1058 597 1121 dedidit
610 1061 804 1142 reipublicae,
819 1061 997 1140 diligentius
1011 1060 1086 1122 ami-

101 1150 151 1212 cis
165 1149 327 1226 famaeque
341 1146 487 1207 serviens.
516 1142 649 1208 Multum
663 1147 695 1207 in
709 1146 828 1208 iudiciis
841 1147 971 1226 privatis
981 1166 1086 1208 versa-

98 1237 204 1309 batur,
221 1251 313 1312 saepe
327 1231 359 1292 in
370 1231 541 1293 contionem
550 1233 655 1312 populi
665 1233 814 1314 prodibat,
829 1233 915 1294 nulla
927 1252 978 1294 res
989 1233 1086 1295 maior

100 1322 173 1382 sine
188 1338 224 1381 eo
239 1318 412 1399 gerebatur,
429 1317 578 1393 celeriter,
593 1321 628 1379 ut
642 1319 685 1381 ait
699 1317 901 1400 Thucydides,
918 1337 996 1398 quae
1010 1337 1085 1398 opus
1108 1315 1150 1378 10

102 1408 203 1482 erant,
217 1403 398 1485 reperiebat,
413 1403 502 1465 facile
512 1403 617 1465 eadem
627 1402 762 1466 oratione
773 1404 955 1484 explicabat
978 1403 1087 1484 Neque

103 1491 209 1553 minus
219 1490 252 1551 in
262 1490 353 1551 rebus
364 1488 507 1568 gerendis
519 1495 677 1571 promptus
687 1509 778 1571 quam
789 1489 1000 1571 excogitandis
1011 1493 1086 1566 erat,

104 1577 190 1658 quod
210 1583 241 1637 et
260 1576 300 1637 da
320 1575 503 1638 instantibus
523 1576 683 1637 verissime
696 1575 851 1638 iudicabat
865 1581 896 1637 et
912 1577 950 1637 de
976 1575 1086 1636 futuris

104 1659 307 1725 callidissime
321 1661 511 1736 coniioiebat;
527 1681 586 1741 quo
599 1662 714 1724 tactum
728 1666 784 1737 est,
799 1665 835 1723 ut
849 1661 936 1723 brevi
949 1664 1086 1741 tempore

104 1749 322 1809 illustraretur.
366 1746 414 1807 Ac
427 1747 559 1828 primum
579 1747 701 1828 quidem
722 1748 754 1808 in
770 1748 907 1810 contione
926 1767 1019 1810 ausus
1039 1749 1087 1807 est
1109 1743 1151 1809 15

108 1831 495 1980 hthttttuthtl
505 1834 636 1980 titt
647 1832 1086 1997 ttlttrhtthtth

110 2004 278 2084 gerendum
292 1965 464 2083 augeretur:
479 2022 548 2064 cum
562 2023 658 2083 usque
672 2005 712 2065 ad
725 2004 803 2065 illud
818 2008 936 2084 tempus
948 2023 985 2064 ea
995 2020 1085 2083 pecu·

108 2089 163 2151 nia
176 2088 256 2151 inter
274 2089 356 2151 cives
376 2088 537 2150 distributa
556 2088 672 2150 fuisset.
716 2087 807 2158 Quod
825 2087 1008 2168 principium
1027 2088 1087 2148 fuit
1160 2147 1170 2169 ‚

104 2175 219 2238 salutis
229 2171 384 2250 Graeciae,
398 2193 470 2236 nam
484 2192 521 2235 ea
534 2193 569 2235 re
582 2173 784 2254 peritissimos
793 2174 869 2235 belli
882 2173 1002 2236 navalis
1013 2174 1086 2236 fecit
1106 2169 1149 2236 20

104 2261 321 2337 Athenienses,
337 2265 368 2322 et
381 2261 522 2322 triremes
536 2259 608 2322 illae
623 2264 753 2338 centum,
777 2279 855 2340 quae
868 2261 1028 2342 paullatim
1048 2259 1087 2322 ad

104 2348 238 2409 classem
252 2347 385 2428 priorem
400 2346 596 2422 addebantur,
614 2350 700 2408 erant
713 2346 745 2407 in
760 2346 798 2407 iis
812 2347 956 2424 navibus,
977 2345 1086 2427 quibus
1178 2411 1180 2414 ,

104 2433 222 2494 Persae
237 2432 277 2494 ad
290 2430 445 2495 Salamina
458 2431 572 2493 devicti
586 2436 665 2493 sunt.
701 2432 834 2494 Pertulit
846 2432 888 2508 id,
904 2451 1086 2513 quamquam

104 2519 206 2594 multi,
222 2517 255 2582 in
269 2518 307 2580 iis
321 2516 489 2593 Aristides,
514 2518 646 2580 oblocuti
661 2526 744 2593 sunt,
767 2518 819 2600 qui
832 2520 981 2600 populum
992 2518 1086 2579 Athe-

102 2605 260 2666 niensium
274 2605 314 2665 ad
328 2604 530 2665 ministerium
544 2603 698 2667 nauticum
713 2604 843 2686 deprimi
853 2606 979 2667 nollent
1006 2603 1087 2665 Nam
1107 2599 1150 2664 25

105 2691 201 2754 ceteri
224 2690 347 2770 quidem
366 2689 562 2752 barbarorum
582 2690 700 2752 cladem
722 2690 761 2752 ad
781 2690 963 2753 Marathona
981 2708 1086 2770 accep

102 2783 172 2840 tarn
193 2776 286 2838 finem
307 2775 381 2840 belli
400 2793 468 2837 esse
482 2776 749 2851 existimaverunt,
772 2775 992 2838 Themistocles
1010 2795 1085 2836 vero

101 2862 229 2924 initium
243 2861 421 2942 graviorum
435 2861 642 2936 certaminum,
658 2861 697 2922 ad
711 2879 791 2940 quae
804 2881 838 2922 se
848 2880 904 2942 pro
915 2864 979 2922 tota
991 2857 1085 2922 Grae-

102 2947 155 3009 cia
168 2946 372 3029 praeparabat
386 2949 418 3008 et
431 2946 587 3008 civitatem
601 2947 774 3023 exercebat,
795 2965 864 3008 cum
877 2947 970 3026 longe
984 2947 1087 3007 futura

103 3033 304 3116 prospiceret.
348 3032 423 3094 Post
436 3032 596 3094 victoriam
610 3032 833 3094 Marathoniam
847 3049 917 3094 cum
930 3031 1086 3096 Miltiades
1108 3027 1151 3095 30

105 3121 139 3181 in
155 3119 290 3181 omnium
310 3137 363 3180 ore
377 3125 471 3194 esset,
493 3137 583 3200 saepe
603 3119 636 3179 in
649 3117 846 3182 meditatione
867 3119 986 3180 defixus
1000 3119 1086 3192 ride·¹

105 3208 198 3268 batur
211 3208 243 3266 et
257 3209 349 3266 noctu
363 3205 538 3266 ambulabat
547 3205 580 3266 in
590 3204 722 3286 publico,
738 3204 818 3286 quod
828 3224 967 3267 somnum
978 3224 1086 3287 capere

105 3311 170 3353 non
191 3293 309 3371 posset,
331 3290 605 3371 quaerentibusque
625 3289 841 3371 respondebat,
862 3291 1010 3354 Miltiadis
1024 3298 1085 3353 tro·
1136 3323 1139 3330 ·

110 3376 197 3459 pasis
212 3396 247 3437 se
261 3396 279 3436 e
293 3393 398 3438 somno
413 3375 550 3438 excitari.

154 3459 231 3524 cum
247 3459 371 3522 Xerxes
391 3465 423 3523 et
445 3461 523 3523 mari
538 3465 570 3523 et
582 3464 666 3524 terra
685 3460 800 3522 bellum
814 3463 975 3523 universae
989 3461 1034 3522 in·
1048 3457 1149 3524 11135

108 3548 205 3609 ferret
224 3545 367 3628 Europae
394 3565 463 3608 curn
483 3547 577 3609 tantis
604 3547 712 3628 copiis,
741 3550 868 3627 quantas
893 3566 991 3626 neque
1015 3549 1087 3610 ante

107 3652 208 3714 neque
227 3637 333 3714 postea
350 3633 458 3694 habuit
476 3633 635 3714 quisquam
655 3631 760 3718 (huius
780 3633 860 3694 enim
880 3632 988 3694 classis
1001 3633 1086 3695 mille

107 3723 141 3780 ot
161 3719 358 3780 ducentarum
380 3718 505 3780 navium
525 3719 686 3799 longarum
712 3717 786 3796 ibit,
811 3737 900 3799 quam
921 3718 981 3781 tria
1000 3720 1086 3782 milia
