2720 4482
283 335 327 400 64
611 333 671 398 xi.
693 333 935 398 PELOPIDAS.

286 507 393 582 Taohi,
419 508 457 568 ab
483 527 519 568 eo
542 506 685 568 deficeret
707 511 739 567 et
759 525 816 568 rex
838 507 877 567 ab
899 507 1064 588 Aegyptiis
1086 509 1214 568 creatus
1239 507 1286 567 ab

285 592 431 674 Agesilao
458 593 608 654 auxilium
633 593 758 672 peteret.
803 591 895 662 Quod
918 613 979 654 non
1004 593 1158 654 dubitavit
1182 593 1286 666 ferre,

285 680 338 742 nbi
359 678 605 753 Lacedaemonii,
633 678 673 740 ad
701 697 777 757 quos
801 697 866 738 rem
881 679 1055 753 retulerat,
1087 681 1287 759 potestatem

286 767 425 828 iecerunt
439 765 559 844 agendi,
585 765 666 844 quod
681 762 808 844 Spartae
822 764 898 825 utile
913 784 981 825 esse
996 766 1163 826 videretur.
1213 765 1287 824 Ita-

242 847 265 910 b
288 871 347 932 que
367 852 488 912 Taehus
508 869 527 910 a
552 850 750 910 mercenariis
770 852 909 911 desertus
936 851 1017 929 fugit
1036 855 1068 910 et
1087 851 1182 930 paulo
1208 853 1289 930 post

287 937 392 1018 periit;
423 947 527 998 contra
547 935 787 996 Nectanabidem
809 939 911 997 autem
934 937 1012 996 elius
1028 937 1117 1014 regni
1133 936 1286 996 aemulus

288 1027 413 1084 exortus
428 1025 488 1096 est,
513 1041 604 1101 quern
619 1020 786 1100 Agesilaus
807 1022 890 1083 vicit.
935 1022 1072 1084 Donatus
1087 1041 1106 1082 a
1120 1022 1287 1084 Nectana-

287 1109 359 1169 bide
381 1108 519 1168 ducentis
540 1107 651 1186 viginti
673 1108 812 1183 talentis,
836 1127 914 1187 qnae
942 1109 1060 1168 muneri
1082 1109 1198 1188 populo
1223 1127 1286 1169 suo

289 1193 392 1269 daret,
412 1213 482 1254 oum
503 1213 544 1254 ex
559 1192 703 1273 Aegypto
726 1196 932 1255 reverteretur
947 1194 1143 1273 venissetque
1158 1193 1193 1254 in
1209 1215 1287 1274 por·

227 1277 268 1342 10
290 1282 363 1354 tum,
385 1279 437 1360 qni
451 1279 585 1340 Menelai
605 1284 732 1340 vocatur
751 1281 852 1342 iacens
868 1280 947 1340 inter
963 1277 1100 1359 Cyrenas
1122 1283 1154 1340 et
1168 1279 1286 1360 Aegy-

290 1369 385 1446 ptum,
400 1366 432 1426 in
448 1365 588 1426 morbum
602 1364 768 1444 implicitus
783 1365 922 1427 decessit.
947 1366 996 1426 Ibi
1012 1385 1082 1425 eum
1097 1365 1199 1439 amici,
1219 1386 1285 1445 quo

289 1451 431 1530 Spartam
445 1451 565 1512 facilius
577 1451 713 1530 perferre
725 1455 856 1531 possent,
873 1452 954 1531 qnod
965 1452 1026 1511 mel
1037 1471 1098 1510 non
1110 1452 1282 1525 habebant,

290 1555 360 1597 cera
375 1536 634 1596 circumfuderunt
648 1539 739 1616 atque
754 1537 798 1598 ita
812 1537 936 1598 domum
950 1538 1128 1598 retulerunt.

681 1811 885 1820 -0-———.—..-

604 2029 676 2112 xl.
709 2029 957 2130 Pelopidas.

255 2219 272 2279 Ι
294 2202 481 2294 Pmormns,
507 2218 652 2300 Hippocli
672 2219 770 2294 tilius,
787 2219 948 2279 Thebanus
964 2221 1047 2278 ortus
1071 2221 1137 2280 erat
1156 2217 1285 2280 familia

293 2304 481 2384 amplissime
495 2307 526 2365 et
541 2305 779 2384 opulentissima.
825 2303 949 2364 Divitiis
965 2304 1028 2364 suia
1043 2316 1146 2366 autem
1159 2323 1222 2364 non
1238 2305 1283 2364 ad

292 2389 386 2451 vitam
408 2391 613 2468 voluptariam
634 2390 747 2450 abusus
769 2393 831 2464 est,
861 2391 916 2450 sed
944 2409 1034 2469 parce
1056 2409 1092 2450 ac
1113 2389 1282 2468 frugaliter

292 2474 382 2548 vixit,
398 2477 551 2554 tamquam
566 2478 647 2535 esset
662 2495 679 2535 e
693 2475 894 2554 pauperrimis
906 2475 1127 2537 Thebanorum.
1150 2475 1281 2537 Libera-

248 2556 363 2622 5liter
378 2568 480 2620 tamen
495 2581 564 2621 cum
586 2560 693 2621 amicis
713 2561 836 2622 eaedem
858 2562 1102 2636 communicavit,
1127 2582 1146 2622 e
1169 2562 1283 2641 quibus

292 2665 371 2706 unus
386 2645 612 2726 Epaminondae
627 2646 811 2708 commoveri
826 2667 886 2707 non
908 2652 1040 2726 poterat,
1063 2652 1097 2707 ut
1113 2648 1281 2727 quicquam

293 2732 452 2812 acciperet.
498 2729 575 2793 Cum
595 2733 649 2794 illo
669 2733 913 2794 coniunctissime
927 2733 1009 2793 vixit
1023 2752 1155 2812 eumque
1170 2733 1282 2794 habuit

292 2819 473 2899 participem
488 2820 542 2880 otii
557 2823 589 2880 et
601 2819 732 2899 negotii,
752 2819 812 2879 nisi
827 2819 907 2898 qnod
929 2819 994 2898 ipse
1009 2819 1107 2897 magis
1123 2819 1164 2880 ad
1180 2821 1283 2880 artem

293 2905 469 2984 gymnicam
482 2925 529 2966 se
560 2906 702 2983 contulit,
734 2903 975 2984 Epaminondas,
1010 2923 1079 2966 cum
1105 2903 1193 2966 illam
1218 2924 1283 2965 non

232 2986 273 3051 10
294 2992 479 3070 negligeret,
503 2992 541 3052 ad
565 2992 669 3052 literas
684 2993 715 3053 et
729 2994 811 3052 artes
826 2991 969 3051 liberales
984 2990 1129 3050 incubuit.
1176 2990 1285 3070 Atque

293 3076 350 3137 boc
376 3095 431 3155 par
457 3078 623 3138 amicorum
649 3077 681 3136 in
703 3076 861 3155 republica
889 3076 1129 3138 administranda
1154 3076 1285 3155 insigne

293 3163 469 3240 exemplum
494 3163 672 3224 concordiae
699 3161 776 3236 edit,
799 3162 879 3241 qnod
903 3183 939 3222 eo
966 3162 1078 3223 clarius
1104 3163 1224 3236 elucet,
1252 3164 1284 3222 si

293 3264 450 3326 compares
472 3266 541 3308 cum
563 3247 600 3306 iis
617 3247 852 3308 Themistoclem
867 3251 897 3307 et
912 3247 1095 3322 Aristidem,
1118 3245 1285 3326 Cimo-nem

292 3335 324 3393 et
338 3330 497 3407 Periclem,
513 3332 633 3394 Niciam
649 3338 680 3393 et
694 3332 894 3394 Alcibiadem.
940 3333 1047 3414 Neque
1063 3334 1144 3394 enim
1159 3335 1285 3412 gloriae

230 3412 272 3478 15
294 3423 347 3480 aut
362 3419 509 3500 pecuniae
521 3420 742 3502 comparandae
753 3437 844 3479 causa
854 3419 946 3480 rebus
957 3420 1088 3501 publicis
1100 3420 1283 3494 intererant,

293 3506 347 3566 sed
362 3507 494 3584 ingenuo
509 3506 633 3568 virtutis
647 3524 751 3566 amore
765 3505 883 3565 incitati
904 3507 935 3566 et
954 3507 986 3566 id
1002 3506 1151 3587 imprimis
1168 3506 1280 3578 secuti,

293 3593 328 3652 ut
347 3593 465 3670 patriae
485 3593 569 3654 vires
590 3593 740 3669 angerent
762 3609 890 3669 eamque
912 3595 1065 3672 potentem
1081 3596 1112 3652 et
1126 3592 1284 3653 illustrem

293 3675 463 3738 redderent.
520 3675 566 3740 Eo
598 3681 734 3756 tempore
763 3676 996 3744 Lacedaemonii
1030 3697 1100 3740 cum
1125 3677 1281 3740 Thebanis
