2748 4486
459 357 514 418 IV.
538 355 782 420 PAUSANIAS.
1071 351 1115 418 29

122 529 210 590 sibus
224 525 378 609 Byzantio
394 527 426 588 vi
440 528 593 608 expulsus⁴
604 526 744 610 Spartam
760 545 821 590 non
835 528 934 603 rediit,
957 529 1011 591 sed
1027 525 1115 592 Golo-
1177 579 1178 584 1

121 634 191 692 nos,
207 614 261 694 qui
276 615 364 676 locus
379 613 411 674 in
427 631 501 694 agro
518 614 636 676 Troade
651 617 706 688 est,
724 634 757 674 se
773 614 915 688 contulit;
930 614 973 675 ibi
988 615 1116 678 consilia

122 719 196 762 cnm
222 699 361 780 patriae,
380 704 454 772 tum
480 698 538 760 sibi
563 699 687 764 inimica
708 699 861 780 capiebat.¹
900 699 938 760 Id
954 703 1115 780 postquam

122 785 362 848 Lacedaemonii
376 784 559 859 rescierunt,
584 803 768 866 praeconem
789 803 859 845 cum
879 785 970 846 clava
991 785 1116 846 adeum
1239 793 1242 800 “

123 870 286 946 miserunt,
301 870 335 931 in
349 889 409 950 qua
422 890 507 932 more
521 870 644 932 illorum
659 873 726 931 erat
740 871 896 950 scriptum,
916 865 976 931 nisi
990 871 1114 934 domum
1135 867 1157 932 5

123 959 346 1030 reverteretur,
362 975 396 1017 se
409 957 528 1018 hostem
543 975 613 1016 eum
626 955 822 1025 iudicaturos.
871 1034 874 1037 Ι

212 1041 285 1103 Hoc
298 1041 405 1103 nuntio
421 1043 588 1103 commotus
603 1061 737 1123 sperans,
753 1061 786 1103 se
801 1041 895 1103 etiam
909 1044 975 1103 tum
985 1040 1115 1122 pecunia
1135 1038 1184 1102 IV

123 1130 157 1188 et
170 1126 314 1207 potentia
327 1127 446 1188 instans
460 1126 629 1207 periculum
644 1147 734 1208 posse
748 1127 911 1206 depellere,
928 1128 1053 1189 domum
1066 1146 1114 1188 re-

116 1212 190 1274 diit.
237 1211 311 1274 Huc
333 1214 368 1272 nt
388 1213 488 1286 venit,
513 1213 551 1273 ab
574 1213 695 1292 ephoris
716 1213 748 1273 in
772 1212 941 1274 custodiam
961 1213 1115 1292 publicam

123 1300 173 1358 est
187 1297 289 1358 datus.
334 1297 422 1358 Licet
438 1297 519 1358 enim
533 1298 654 1378 legibus
669 1296 978 1359 Lacedaemoniorum
993 1296 1115 1377 ephoris
1137 1292 1180 1358 10

124 1384 184 1446 boc
197 1384 303 1446 iacere
317 1383 394 1462 regi,
419 1383 504 1444 cuius
519 1384 637 1454 vicibus
652 1387 725 1445 tuno
738 1381 905 1446 Pausanias
919 1383 1112 1464 fungebatur.

125 1468 209 1530 Hinc
224 1473 330 1530 tamen
345 1489 378 1529 se
394 1469 566 1548 expedivit,
589 1487 645 1530 nec
665 1471 768 1531 tamen
790 1469 913 1530 carebat
933 1469 1112 1549 suspicione.

126 1553 208 1615 Nam
233 1554 337 1635 opinio
360 1555 512 1638 manahat,
539 1574 609 1615 eum
636 1573 706 1616 cum
730 1575 804 1634 rege
816 1554 980 1616 Persarum
1001 1555 1115 1616 hahere

127 1640 317 1702 societatem.
362 1638 419 1700 Est
442 1659 540 1719 genus
563 1641 714 1719 quoddam
736 1641 907 1717 hominum,
922 1641 974 1720 qni
988 1639 1114 1702 Hilotae

128 1727 286 1801 nouantur,
303 1744 432 1805 qnorum
446 1743 560 1804 magna
574 1725 738 1789 multitudo
753 1745 845 1806 agros
860 1725 1113 1788 Lacedaemonio·
1136 1717 1179 1784 15

14 1871 15 1894 ξ
108 1830 203 1872 .rnm
227 1811 299 1872 colit
324 1830 545 1890 seruorumque
569 1831 694 1874 munere
718 1812 864 1892 iungitur.
909 1810 976 1872 Hos
996 1829 1117 1891 qnoque

13 1897 15 1960 ἔ
136 1895 297 1958 sollicitare
312 1915 367 1976 spe
381 1896 533 1958 libertatis
548 1897 790 1960 existimabatur.
836 1895 894 1958 Sed
911 1897 990 1976 quod
1005 1898 1116 1956 harum

13 1967 15 2036 i
135 1999 238 2042 rerum
252 1982 367 2044 nullum
383 1985 449 2044 erat
464 1985 602 2062 apertum
615 1982 738 2057 crimen,
755 2001 813 2060 quo
826 1982 915 2059 argui
925 1985 1037 2061 posset,
1053 1999 1115 2042 non

133 2067 281 2146 putabant
295 2067 334 2128 de
349 2067 403 2129 tali
419 2072 542 2146 tamque
557 2068 639 2128 claro
654 2067 722 2128 uiro
737 2066 959 2146 suspicionibus
974 2068 1114 2145 oportere

130 2152 262 2214 iudicari
288 2155 320 2214 et
344 2154 597 2234 exspectandum,
626 2153 723 2213 donec
747 2170 782 2212 se
807 2151 875 2231 ipsa
895 2171 945 2212 res
971 2150 1112 2232 aperiret.
1136 2143 1179 2210 20

129 2238 262 2300 Interim
283 2237 423 2318 Argilius
448 2239 571 2318 quidam
592 2237 850 2313 adolescentulus,
876 2256 966 2318 quem
986 2255 1116 2317 puerum

130 2323 301 2384 Pausanias
323 2325 354 2384 in
379 2324 499 2384 deliciis
522 2325 684 2400 habuerat,
706 2343 776 2384 eum
796 2323 957 2405 epistolam
971 2324 1009 2385 ab
1025 2343 1061 2384 eo
1077 2323 1116 2384 ad

13 2469 14 2512 i
129 2408 318 2471 Artabazum
340 2409 508 2490 accepisset
531 2410 562 2471 et
585 2410 805 2490 suspicaretur,
830 2409 946 2489 aliquid
967 2409 999 2470 in
1027 2429 1064 2471 ea
1077 2409 1117 2470 de

127 2514 164 2556 se
179 2513 250 2556 esse
265 2494 427 2576 scriptum,
450 2495 530 2575 quod
550 2513 639 2557 nemo
654 2515 759 2557 eorum
773 2495 919 2571 redisset,
940 2495 992 2575 qui
1007 2495 1046 2555 de
1056 2493 1117 2556 tan

14 2649 15 2654 η
131 2599 225 2642 causa
239 2579 346 2641 eodem
360 2579 447 2641 missi
467 2583 567 2655 erant,
588 2581 692 2642 uincla
712 2581 859 2661 epistolae
879 2581 999 2642 laxavit
1013 2580 1116 2658 signo·
1138 2568 1181 2635 25

126 2686 190 2747 que
205 2665 344 2727 detracto
360 2665 511 2746 cognouit,
529 2666 555 2726 si
569 2666 754 2747 pertulisset,
770 2666 829 2728 sibi
840 2686 908 2728 esse
917 2666 1114 2746 pereundum.

130 2749 231 2814 Hrant
252 2751 285 2811 in
310 2751 578 2831 eademepistola,
604 2771 681 2832 quae
707 2752 746 2813 ad
771 2770 807 2812 ea
819 2751 1022 2832 pertinebant,
1039 2769 1116 2829 quae

130 2838 212 2898 inter
226 2855 334 2914 regem
348 2835 591 2918 Pausaniamque
606 2839 818 2900 convenerant.
862 2835 928 2896 Has
942 2835 996 2895 ille
1010 2835 1117 2896 literas

128 2922 256 3003 ephoris
277 2921 411 2984 tradidit.
455 2921 526 2984 Non
550 2925 599 2985 est
622 2922 845 3003 praetereunda
863 2920 1002 3000 gravitas
1023 2919 1117 2981 Lace·

129 3008 362 3070 daemoniorum
385 3009 441 3070 hoe
464 3008 539 3070 loco.
583 3009 664 3069 Nam
688 3027 726 3069 ne
746 3007 837 3068 huius
859 3005 982 3087 quidem
1004 3005 1116 3067 indicio
1138 2995 1182 3060 30

131 3093 257 3174 impulsi
274 3095 354 3169 sunt,
370 3097 406 3154 nt
416 3093 600 3158 Pausaniam
610 3093 908 3174 comprehenderunt,
924 3111 1022 3173 neque
1032 3091 1118 3174 prins

133 3179 198 3240 vim
213 3179 419 3240 adhibendam
434 3199 501 3240 esse
515 3186 709 3259 putaverunt,
725 3199 816 3260 quam
828 3178 1117 3259 seipseindicasset.

132 3265 243 3344 Itaque
258 3264 329 3324 huie
342 3263 445 3340 indici,
462 3265 535 3344 quid
547 3265 614 3328 fieri
628 3264 755 3340 uellent,
770 3267 998 3346 praeceperunt.

219 3349 322 3410 Homo
344 3350 514 3412 Taenarum
540 3371 573 3412 se
603 3350 732 3412 contulit
751 3350 853 3431 ibique
871 3350 1003 3431 supplex
1024 3367 1118 3429 prope
1139 3339 1170 3401 V

132 3435 242 3496 aedem
260 3453 361 3496 casam
375 3437 492 3516 pariete
507 3435 540 3496 in
555 3437 630 3498 duas
645 3437 748 3517 partes
764 3435 895 3497 divisam
909 3435 1064 3508 instruxit,
1078 3434 1119 3496 in
1140 3423 1184 3488 35

134 3521 220 3582 cnin's
236 3521 334 3582 altera
348 3524 435 3602 parte
449 3541 490 3582 ex
504 3521 626 3602 ephoris
640 3521 765 3602 quidam
779 3521 1014 3582 occultabantur.
1049 3519 1119 3590 Quo

133 3623 204 3667 curn
225 3606 393 3669 Pausanias
412 3605 564 3682 venisset,
589 3607 710 3687 quaerit
731 3627 772 3668 ex
791 3605 1025 3682 adolescentulo,
1046 3605 1120 3686 quid

132 3691 177 3752 sit
192 3711 302 3755 causae
316 3696 379 3756 tam
394 3693 546 3774 repentini
561 3693 689 3754 consilii.
724 3692 807 3754 Huic
820 3691 888 3769 ille,
910 3691 983 3774 qnid
997 3711 1038 3754 ex
1051 3692 1119 3752 lite·
