2720 4482
376 321 452 386 XII.
474 321 791 389 EPAMINONDAS.
1034 325 1075 390 71

85 493 245 578 acciperet
259 494 438 575 pecuniam,
460 494 629 556 adducebat
642 514 713 558 omn
727 497 780 576 qui
794 497 958 577 quaerebat
971 497 1010 560 ed
1025 517 1077 562 eos

86 581 143 663 qui
158 579 470 661 conferebanteique
484 582 519 642 ut
531 580 590 662 ipsi
603 584 801 644 numerarent
814 581 953 659 iaciebat,
973 585 1008 645 ut
1023 583 1077 645 ille

85 667 130 732 ed
153 685 250 747 quem
275 685 327 728 res
354 664 410 728 illu
436 666 636 748 perveniebat
664 667 770 744 sciret,
797 673 943 748 quantum
968 668 1077 750 cuique

86 753 226 815 deberet.

134 837 299 918 Temptate
317 837 419 900 autem
434 837 500 899 eius
514 839 562 899 est
581 837 765 900 abstinentia
791 856 809 898 e
828 837 1029 901 Diomedonte
1071 839 1120 904 IV
1141 835 1163 902 5

90 921 254 1006 Dyniceno.
298 922 439 1004 Namque
459 923 487 984 is
508 927 620 1003 rogatu
639 922 826 988 Artaxerxis
847 924 930 1005 regis
952 923 1076 1006 Epami·

90 1009 225 1076 nondam
240 1009 371 1089 pecunie
385 1010 640 1090 corrumpendum
660 1012 842 1090 susceperat.
886 1009 949 1071 Hie
964 1029 1076 1091 magno

91 1115 163 1157 cum
177 1095 314 1176 pondere
335 1095 403 1156 auri
417 1094 537 1158 Thebas
558 1095 644 1158 venit
665 1097 696 1157 et
709 1093 883 1176 Micythum
903 1097 1077 1160 adolescen-

91 1181 192 1244 onum
218 1179 352 1261 quinque
377 1180 501 1243 talentis
527 1181 567 1244 ad
593 1196 680 1242 suam
704 1181 896 1244 voluntatem
921 1182 1075 1262 perduxit,

91 1285 184 1347 quem
207 1268 273 1328 tum
298 1265 525 1348 Epaminondas
550 1266 684 1328 maxime
709 1266 867 1346 diligebat.
918 1268 1076 1348 Micythus
1099 1264 1142 1330 10

91 1351 337 1433 Epaminondam
352 1350 494 1414 convenit
508 1355 540 1414 et
554 1371 678 1414 censam
698 1353 848 1414 adventus
863 1351 1075 1414 Diomedontis

90 1436 235 1502 ostendit.
301 1436 345 1498 At
373 1437 427 1500 ille
452 1436 650 1501 Diomedonti
681 1457 783 1500 coram
811 1437 935 1514 Nihil,
967 1437 1074 1518 inquit,

92 1522 263 1605 pecunia
285 1541 378 1603 opus
404 1531 471 1586 est.
515 1524 608 1588 Nam
634 1522 665 1585 si
690 1530 761 1586 rex
786 1521 829 1586 'ee
854 1523 955 1598 vult,
981 1542 1075 1604 quae

91 1608 539 1685 Thebanissuntutilie,
556 1610 683 1690 gratis
705 1611 839 1672 facere
863 1630 942 1674 sum
965 1629 1075 1691 pera·

92 1698 172 1770 tus3
189 1694 252 1755 sin
266 1696 619 1771 autemcontraris,
642 1696 1074 1776 nonhabetauriatque
1098 1690 1145 1756 15.

87 1779 251 1860 argenti
271 1780 379 1842 satis.
401 1779 593 1861 »Namque
614 1781 717 1843 orbis
744 1784 940 1844 terrarum
970 1780 1074 1844 divi·

93 1866 169 1930 tias
198 1865 285 1928 nolo
314 1885 382 1945 pro
411 1866 569 1947 patries
598 1865 779 1944 ceritate.
824 1867 991 1948 Tuquod
1016 1886 1073 1928 me

96 1951 340 2032 incognitum
368 1951 569 2032 temptasti
591 1952 721 2033 tuique
743 1952 911 2013 similem
935 1950 1075 2013 existi-

95 2036 224 2112 nosti,
240 2056 315 2099 non
329 2036 447 2099 miror
461 2037 609 2117 tibique
623 2037 798 2117 ignosoo;
811 2036 876 2098 sed
888 2036 1076 2117 egredere

94 2141 269 2204 propere,
292 2142 336 2184 ne
360 2123 457 2185 alios
473 2141 709 2203 corrumpas,
733 2140 813 2184 cum
836 2141 891 2184 me
912 2140 986 2184 non
1007 2139 1074 2202 po·
1097 2117 1141 2184 20

84 2208 227 2272 tueris.
272 2205 594 2289 Ettu,Micythe,
617 2207 1074 2292 argentumhuicredde,

90 2298 171 2370 aut,
209 2293 285 2355 nisi
314 2293 353 2354 id
383 2294 589 2356 confestim
618 2294 732 2369 facis,
763 2313 833 2375 ego
863 2295 899 2355 te
929 2293 1076 2355 tradam

87 2379 357 2461 magistratui.
401 2378 493 2440 Hunc
515 2379 686 2443 Diomedon
708 2399 777 2442 cum
797 2382 937 2460 rogaret,
963 2380 999 2441 ut
1018 2378 1078 2440 sibi

92 2468 159 2528 tuto
175 2464 260 2528 exire
272 2483 390 2545 *sueque
411 2483 490 2544 quae
513 2466 666 2542 attulerat,
692 2464 800 2528 efferre
819 2466 943 2543 liceret,
964 2464 1079 2527 Istud

1 2599 2 2612 ,
92 2551 264 2632 quidem,
277 2550 535 2631 inquitfaeiam
549 2571 672 2632 neque
687 2554 751 2614 tua
766 2571 895 2630 cause,
908 2552 1076 2625 sedmea‚
1100 2545 1144 2613 25

1 2659 2 2716 j
92 2657 155 2714 ne,
172 2637 205 2697 si
221 2636 298 2698 tibi
313 2635 546 2716 sitpecunie
567 2638 763 2719 adempta,
787 2636 933 2718 aliquis
958 2636 1077 2710 dicat,

92 2723 210 2784 idad
238 2740 292 2784 me
328 2727 501 2802 ereptum
535 2724 785 2804 pervenisse,
824 2723 921 2804 quod
949 2723 1078 2784 datum

86 2807 282 2888 accipere
297 2807 521 2870 noluissem.
566 2806 596 2868 A
611 2827 670 2887 quo
686 2827 755 2870 eum
770 2808 949 2888 quaesisset,
971 2826 1029 2886 quo
1046 2825 1079 2866 se

91 2892 208 2956 deduci
231 2893 328 2956 vellet
342 2898 374 2954 et
387 2893 442 2954 ille
455 2891 594 2955 Athenas
614 2893 761 2968 dixisset,
783 2891 970 2974 praesidium
985 2891 1078 2965 dedit,

92 2984 130 3042 ut
144 2982 211 3041 tuto
225 2979 409 3060 perveniret.
443 2979 550 3058 Neque
564 2997 637 3040 rero
652 2978 684 3039 id
699 2977 773 3042 satis
787 2977 903 3054 hebuit,
918 2977 1080 3039 sedetiam
1101 2972 1146 3038 30

91 3067 131 3128 ut
151 3063 319 3126 inviolatus
342 3083 454 3150 narem
475 3064 706 3140 conscenderet,
728 3084 784 3145 per
806 3059 970 3125 Chabriam
983 3060 1079 3126 Athe-

91 3152 234 3214 niensem
250 3149 358 3212 effecit.
394 3149 464 3212 Hoc
479 3150 683 3214 abstinentiae
697 3150 773 3212 satis
788 3149 848 3211 erit
861 3149 1078 3214 testimonium.

90 3236 234 3300 Plurima
246 3235 372 3318 quidem
385 3235 523 3316 proferre
537 3255 713 3320 possumus,
737 3237 792 3299 sed
804 3235 921 3300 modus
936 3235 1080 3298 edhiben·

89 3323 153 3385 dus
176 3325 239 3398 est,
260 3320 403 3402 quoniam
423 3341 483 3386 uno
505 3322 562 3386 boo
581 3323 737 3386 volumine
751 3322 848 3385 ritem
863 3321 1079 3385 excellentium

94 3408 234 3470 virorum
259 3406 461 3488 complurium
487 3409 668 3470 concludere
693 3408 919 3483 constituimus,
949 3424 1079 3486 quorum
1097 3399 1145 3466 ,35

89 3493 262 3574 separatim
283 3491 389 3554 multis
411 3489 535 3555 milibus
555 3513 702 3556 versuum
722 3493 892 3573 complures
913 3491 1078 3572 scriptores

91 3584 168 3642 aute
182 3598 239 3642 nos
256 3578 458 3659 explicarunt.

183 3663 257 3728 rut
270 3663 515 3740 etiamdisertus,
531 3667 566 3728 nt
576 3664 668 3752 pauci·
677 3661 866 3728 Graecorum
876 3660 930 3727 illo
941 3663 1078 3743 tompore
1099 3655 1131 3719 V
