2720 4482
384 343 478 408 xm
500 341 765 409 IPHICRATES:
1024 347 1069 413 79

71 513 212 598 primum
229 509 356 595 quidem
370 513 475 578 decem
488 535 597 593 naves,
621 537 698 598 quae
722 516 911 600 aDionysio,
934 515 1068 600 Syracu-

70 621 181 664 sarum
196 603 343 683 tyrannc,
355 600 604 665 Lacedaemoniis
615 603 751 666 subsidio
761 603 874 666 missae
883 608 979 681 erant,
994 624 1072 668 cum

69 685 335 768 militibuscepit,
350 705 400 748 res
414 687 849 752 Lacedaemoniorumaissixit
868 689 967 770 iisque
987 691 1065 752 mul·

69 772 267 836 temdamni
281 772 398 849 intulit,
422 774 495 854 quin
515 774 610 836 etiam
622 775 662 837 de
675 775 1064 856 Laconicaipsavexanda

70 859 238 940 cogitavit,
254 859 379 920 ut'haec
393 860 461 921 eius
473 860 628 941 expeditio
641 881 702 922 non
717 862 844 924 minima
863 862 1064 942 laudedigna
1084 863 1121 926 5¹
1251 899 1257 908 =

69 947 121 1008 sit.
171 943 258 1006 Pace
278 963 348 1006 cnm
362 943 610 1008 Lacedaemoniis
630 947 852 1010 iaetadomnm
866 965 1013 1010 reversus
1025 949 1063 1010 ah

69 1031 251 1093 Harmodio
265 1026 396 1111 quodam
410 1032 442 1093 in
457 1032 505 1093 ius
526 1034 664 1094 metus
674 1037 736 1109 est,
757 1033 838 1114 qnod
859 1037 991 1096 statuam
1006 1035 1064 1097 sibi

72 1119 113 1180 ab
131 1116 382 1178 Atheniensibus·
398 1117 469 1198 poni
492 1137 600 1199 passus
621 1122 710 1180 esset.
754 1119 842 1180 Idem
862 1137 936 1181 vero
957 1123 1065 1201 postca

71 1203 217 1265 subsidio
231 1203 386 1284 profectus
396 1202 653 1280 Lacedaemoniis,
670 1203 849 1283 quibusoam
859 1203 1063 1267 Athenienses

69 1289 101 1349 in
118 1288 436 1368 gratiemcedierant,
451 1287 726 1373 utEpaminondae
739 1289 1062 1370 impetusretardaset,
1085 1289 1132 1354 10

72 1374 205 1454 segnius
218 1393 290 1435 rem
301 1374 405 1454 gessit
449 1374 531 1436 Nam
545 1380 577 1437 et
590 1375 670 1457 apud
682 1372 861 1437 Corinthum
875 1375 952 1436 nihil
966 1391 1062 1457 agens

71 1461 183 1542 piures
198 1459 266 1520 dies
280 1463 415 1522 moratus
436 1462 496 1537 est,
519 1464 551 1522 et
571 1461 603 1522 in
617 1460 782 1524 Arcadiam
802 1459 956 1543 profectus
969 1462 1062 1543 paulo

73 1553 146 1626 post
166 1545 292 1606 milites·
305 1565 341 1606 re
360 1545 473 1607 iniecta
491 1547 623 1608 reduxit.
667 1546 710 1608 Et
729 1566 799 1608 cum
812 1547 846 1608 in
859 1547 977 1609 Isthmo
992 1545 1062 1609 con-

73 1633 211 1693 stitutus
226 1634 321 1706 esset,
347 1634 383 1692 ut
404 1630 586 1694 Boeotiosa
607 1633 738 1695 hansitu
762 1633 951 1715 prohiberet,
977 1633 1061 1696 viam

75 1717 257 1797 expeditam
272 1717 394 1797 praeter
408 1713 580 1779 Cenchreas
601 1718 749 1780 ferentem
763 1719 977 1781 incustoditam
991 1719 1061 1780 reli·
1085 1716 1131 1782 15

80 1803 157 1882 quit,
173 1822 231 1884 quo
246 1803 327 1864 facto
342 1801 478 1864 Thebani
492 1803 658 1865 incolumes
672 1804 797 1866 domum
811 1804 976 1866 redierunt.

166 1887 239 1950 Fuit
253 1889 356 1949 autem
371 1891 403 1949 et
416 1888 517 1951 animo
537 1907 647 1969 magno
662 1893 694 1952 et
708 1907 833 1970 corpore
852 1888 1060 1970 imperatoria·
1083 1889 1113 1950 V

83 1991 142 2052 que
155 1974 264 2049 forma,
288 1976 323 2036 ut
343 1975 409 2054 ipso
431 1978 556 2055 aspectu
578 1975 675 2036 cuivis
688 1974 816 2036 iniceret
829 1973 1061 2035 admirationem

80 2060 141 2134 sui,
165 2059 268 2121 sedin
282 2060 387 2121 labore
409 2061 501 2122 nimis
515 2061 662 2121 remissus
681 2079 849 2141 parumque
870 2060 1003 2140 patiens,
1026 2063 1062 2120 ut

78 2145 295 2227 Theopompus
308 2146 472 2209 memoriae
487 2145 636 2230 prodidit3
650 2147 747 2208 bonus
761 2165 835 2208 vero
851 2145 928 2208 aivis
941 2144 1061 2224 fideque
1083 2142 1131 2208 20

76 2249 200 2312 magna.
225 2230 317 2300 Quod
332 2250 401 2292 cum
415 2231 447 2293 in
461 2233 531 2294 aliis
545 2233 636 2296 rebus
651 2232 828 2306 declararit,
844 2234 911 2293 tum
925 2231 1060 2292 maxime

75 2319 106 2379 in
120 2317 283 2398 Asnyntae
301 2316 479 2379 Macedonis
500 2318 622 2379 mendis
643 2317 756 2380 liberis.
800 2317 940 2398 Namque
960 2314 1060 2398 Eury·-

76 2405 151 2479 diee,
168 2406 271 2464 mater
284 2401 450 2464 Perdiccae
464 2406 495 2465 et
509 2403 652 2488 Philippi,
669 2423 739 2466 cum
752 2404 801 2465 his
821 2404 938 2466 duobus
958 2403 1061 2485 pueris

20 2513 21 2552 i
75 2490 217 2570 Amynta
237 2494 357 2551 mortuo
376 2488 414 2550 ad
429 2489 615 2569 Iphicratem
636 2490 774 2570 confugit
798 2490 924 2570 eiusque
952 2489 1060 2571 opibus

76 2577 204 2638 defensa
218 2577 274 2636 est.
319 2573 408 2636 Vixit
426 2576 466 2636 ad
485 2579 673 2638 senectutem
693 2576 822 2657 placatis
841 2576 873 2636 in
888 2593 921 2636 se
936 2592 1064 2637 suorum·
1082 2570 1130 2635 25

77 2662 193 2724 civium
207 2659 327 2723 animis.
372 2657 505 2724 Causam
523 2661 640 2742 capitis·
652 2661 733 2722 dixit
747 2660 842 2722 semel
857 2659 939 2722 hello
955 2660 1061 2722 sociali
1174 2675 1176 2680 ·

20 2765 21 2824 p
78 2747 168 2808 simul
184 2763 257 2807 eum
272 2745 444 2820 'l'imcthem
470 2747 649 2828 proditionis
674 2747 756 2808 enim
776 2745 909 2808 acarsati
931 2753 1019 2807 erant
1042 2765 1062 2806 a

20 2845 22 2876 t
78 2830 224 2907 Charete,
259 2848 328 2891 cum
354 2833 435 2912 apud
460 2831 599 2894 Samum·
609 2849 749 2914 pugnam·
770 2831 911 2893 navalem
936 2833 1070 2911 propter·

20 2895 21 2926 ¹
77 2919 293 3000 tempestatem
303 2917 404 2979 subito
415 2917 830 2991 exortamdctrectavissenh
843 2933 939 2996 eoque
948 2914 1061 2978 iudicio
1131 2987 1133 2998 Ι

77 3005 187 3085 capitis
209 3003 335 3084 quidem
354 3003 526 3081 absolutus,
551 3004 679 3084 pecnnia
703 3005 805 3066 mmen
830 3002 977 3063 multatus
1003 3003 1058 3062 est.
1083 2996 1132 3066 30

77 3089 144 3159 Quo
159 3091 243 3152 iacto
258 3089 290 3149 in
306 3088 467 3150 Thraciam
482 3110 515 3151 se
530 3089 658 3151 contulit
671 3089 773 3169 ibique
788 3088 870 3150 diem
884 3105 1062 3168 supremum

76 3176 165 3252 chiit3
186 3193 261 3236 nam
276 3171 382 3255 Cotyis
396 3173 481 3254 regis
494 3175 599 3252 filiam,
613 3178 649 3236 ut
663 3175 807 3250 diximus,
822 3175 855 3235 in
869 3173 1061 3236 matrimonio
1107 3173 1110 3180 '

74 3260 197 3338 hahuit,
221 3279 263 3321 cx
287 3278 348 3340 qua
361 3259 541 3323 Menesthea
555 3259 653 3322 filium
674 3261 790 3340 gennit.
835 3261 954 3321 Iseum
968 3260 1061 3320 inter-

74 3350 248 3426 rogaretur,
263 3350 368 3406 utrum
382 3345 480 3427 pluris
500 3347 620 3427 patrem
644 3364 683 3408 an
705 3359 835 3407 matrem
854 3345 970 3406 iaceret
983 3342 1059 3404 Ma·

75 3435 186 3510 trem,
201 3431 310 3512 inquit
328 3431 368 3493 Id
383 3449 452 3492 oum
467 3423 608 3493 omnihus
621 3431 734 3492 mirum
747 3431 905 3491 videretur
919 3426 980 3504 At,
996 3427 1061 3504 ille,
1083 3423 1130 3489 35

76 3519 228 3594 merite,
244 3518 352 3598 inquit,
368 3516 473 3580 facio.
518 3516 610 3580 Nam
625 3519 747 3598 pater,
772 3514 1004 3595 quantumin
1019 3531 1061 3574 eo

77 3604 162 3682 init,
206 3603 394 3666 Thracem
431 3622 486 3665 me
515 3603 665 3685 gennit,
703 3604 837 3665 eontra
865 3617 910 3662 ea
938 3600 1062 3662 mater

77 3687 366 3753 Atheniensem
420 3734 486 3796 o
