2748 4486
424 279 478 384 iu.
502 320 764 386 submissas.
1042 324 1086 389 aa

97 495 211 576 lingua
231 492 422 575 loquentium
443 493 642 570 ditissimum,
665 498 701 556 ut
722 495 749 556 si
768 494 835 576 ipse
849 494 966 577 fingere
981 497 1087 574 vallet,

97 599 201 662 neque
215 579 308 662 plura
321 581 401 643 bona
420 579 624 657 comminisci,
646 600 744 660 neque
765 581 882 644 maiora
901 585 1005 665 posset
1019 601 1088 647 con-

22 720 24 724 .
99 667 205 747 sequi,
229 684 323 746 quarn
345 665 396 727 vel
417 669 536 743 natura,
558 667 610 728 rel
631 666 753 730 fortuna
772 666 929 731 tribuerat.
974 669 1041 732 Iam
1056 669 1089 732 in
1147 691 1151 700 ·

97 755 198 835 puero
222 751 391 833 apparebat
410 751 593 832 petulantia,
614 770 693 833 quae
713 751 837 816 modum
857 754 1035 831 excederet,
1056 758 1090 817 et

99 838 279 913 ostentatio,
296 855 375 918 quae
389 839 583 919 splendorem
597 837 682 900 vitae
697 839 872 901 sectaretur.
910 837 1011 902 Puero
1027 840 1088 901 cui·
1109 837 1132 902 5

11 931 16 982 '.
100 925 175 988 dam
189 923 366 1000 robustiori,
382 925 434 1004 qui
449 943 519 984 eum
533 923 614 985 inter
629 923 807 987 luctandum
821 925 986 1007 increpuit,
1007 927 1087 1006 quod

11 1079 12 1082 Ἴ
98 1010 260 1073 morderet
270 1009 435 1072 mulierum
444 1010 550 1086 instar,
565 1007 636 1072 Die
649 1010 791 1090 potius,
804 1010 914 1092 inquit,
929 1011 1087 1074 leonum.

10 1153 11 1172 ,
103 1094 183 1158 Cum
197 1095 361 1175 aliquando
376 1095 408 1157 in
423 1095 586 1176 angiportu
599 1113 668 1157 cnm
678 1094 748 1158 aliis
759 1097 861 1176 pueris
872 1097 949 1158 aleis
959 1097 1087 1174 luderet,

10 1179 14 1238 l
99 1181 240 1244 iactuad
255 1200 327 1244 aum
341 1180 489 1242 redeunte
502 1181 651 1244 bubulcus
662 1182 834 1262 plaustrum
845 1201 941 1262 agens
952 1183 1087 1246 accessit.

10 1307 12 1336 2
100 1267 182 1330 Tum
198 1286 269 1328 eum
283 1267 332 1326 illi
346 1267 557 1342 acclamasset,
581 1270 616 1328 ut
634 1267 823 1342 subsisteret,
839 1267 867 1327 is
881 1271 983 1332 autern
997 1268 1087 1332 bomo
1110 1265 1152 1330 10

9 1423 12 1430 ,
100 1352 239 1416 rusticus
252 1371 369 1414 morsm
383 1371 444 1413 non
458 1355 597 1432 gereret,
618 1353 673 1414 sed
693 1352 788 1416 boues
802 1352 955 1430 incitaret,
976 1355 1043 1415 cete
1063 1353 1088 1414 ‘s

100 1439 206 1521 pueris
222 1437 452 1517 diffugientibus
466 1457 500 1500 se
514 1440 585 1500 ante
606 1438 778 1518 plaustrum
792 1438 921 1519 proiecit
934 1441 967 1500 et
979 1373 1089 1502 aubib-

102 1544 174 1587 cum
199 1525 338 1586 iumenta
367 1523 508 1585 cohibere
537 1524 645 1602 coegit.
705 1522 959 1606 Praeceptoribus
985 1528 1089 1588 tamen

101 1611 185 1674 dicto
200 1609 329 1672 audiens
345 1609 404 1670 fuit
417 1612 449 1672 et
463 1610 563 1671 literis
578 1611 750 1691 promptam
772 1629 895 1691 operam
910 1611 1005 1688 dedit,
1028 1611 1089 1672 nisi

103 1696 187 1778 qnod
201 1694 285 1756 tibiis
301 1695 421 1756 discere
434 1695 541 1771 noluit,
558 1695 667 1775 quibus
683 1695 849 1760 affirmavit
862 1697 973 1759 faciem
988 1697 1087 1761 deior-
1111 1692 1153 1758 15

103 1781 194 1855 mari,
209 1799 307 1861 neque
321 1799 411 1862 posse
426 1780 466 1842 ad
482 1799 535 1844 aas
551 1781 666 1844 cantari
680 1801 780 1862 neque
793 1781 967 1844 declamari.
991 1782 1087 1844 Filii

108 1865 389 1941 Thebanorum,
405 1865 513 1946 inquit,
528 1867 593 1947 qui
608 1866 812 1930 disserere
826 1886 899 1931 non
921 1868 1086 1949 possint,

110 1950 222 2013 tibiis
236 1954 379 2014 canant.
425 1951 511 2014 Inter
527 1971 645 2029 onmes,
669 1952 720 2032 qui
740 1954 779 2014 ad
794 1951 959 2016 amicitiam
974 1953 1039 2014 eius
1054 1972 1088 2014 se

106 2036 314 2119 applicabant,
336 2055 426 2099 nemo
447 2041 571 2099 tentum'
588 2039 723 2100 animum
737 2037 803 2100 eius
824 2038 919 2118 cepit,
941 2040 1088 2118 quantum

6 2195 7 2198 Ἴ
102 2121 255 2199 Socrates,
271 2123 324 2204 qui
336 2123 585 2185 consuetudinem
595 2123 766 2186 Alcibiadis
782 2123 956 2205 quaerebat,
971 2127 1007 2185 ut
1017 2143 1086 2185 enm
1107 2118 1151 2184 20

6 2219 7 2230 ¹
101 2227 121 2272 a
136 2209 312 2290 corruptela
326 2211 497 2289 temporum
512 2209 635 2272 illorum
650 2209 825 2272 custodiret
861 2209 971 2290 Neque
985 2212 1088 2272 umen

6 2347 10 2370 ,
100 2295 129 2357 ei
156 2295 300 2375 contigit,
326 2295 362 2355 ut
386 2295 545 2357 levitatem
568 2297 659 2358 huius
682 2299 844 2358 coerceret.
889 2293 990 2358 Multa
1019 2314 1087 2358 cum

6 2377 8 2388 '
99 2379 304 2456 adolevisset,
330 2379 491 2442 libidinosa
511 2389 542 2443 et
560 2382 662 2444 iocose
676 2381 763 2458 fecit,
789 2400 867 2462 quae
893 2383 1086 2458 referremus,

6 2525 7 2550 ,
97 2467 166 2530 nisi,
174 2465 294 2527 maiora
308 2465 427 2546 potiora
440 2467 630 2530 haberemus.

6 2569 8 2580 ¹
143 2551 234 2614 Bello
249 2549 508 2632 Peloponnesiaco
522 2555 593 2634 post
607 2549 730 2615 Cleonis
745 2555 883 2629 mortem,
900 2572 976 2633 pace
991 2573 1047 2635 per
1066 2549 1174 2615 11125

99 2636 226 2701 Niciam
241 2636 275 2697 in
299 2637 522 2718 quinquaginta
547 2658 641 2702 anuos
668 2639 758 2715 lacta,
785 2639 919 2720 primum
945 2638 985 2700 ad
1009 2657 1088 2700 rem-

100 2723 404 2806 publicamaccessit.
414 2722 611 2786 Pacisautem
621 2723 758 2787 condicio
767 2724 1088 2805 eidisplicuit,quippe

6 2829 7 2878 ζ
101 2827 183 2890 quae
193 2808 312 2871 nullam
323 2809 577 2871 sibicccasionem
588 2828 692 2871 rerum
702 2811 906 2890 gerendarum
918 2807 1087 2889 praeberet.

100 2894 310 2957 Succensebat
323 2895 474 2976 imprimis
488 2895 752 2971 Lacedaemoniis,
774 2895 855 2974 quod
869 2893 901 2954 in
920 2913 957 2956 ea
977 2894 1088 2956 consti·

100 2980 219 3050 tuenda
233 2999 294 3043 non
309 2998 351 3055 se,
368 2981 453 3042 cuius
468 2981 585 3044 familia
599 2985 706 3043 vetere
719 2976 845 3062 hospitii
859 2979 926 3042 iure
941 2979 1087 3041 cumillis
1109 2975 1153 3042 30

101 3067 266 3134 coniuncta
277 3071 367 3142 esset,
383 3066 437 3127 sed
448 3065 569 3128 Niciam
585 3067 734 3142 adisseut;
757 3067 861 3146 itaque
883 3064 1087 3148 quandocum-

13 3165 14 3168 ’
102 3171 164 3234 que
178 3157 308 3232 poterat,
324 3152 448 3231 negotia
463 3152 524 3213 illis
540 3153 712 3215 exhibebat.
742 3151 836 3213 Haud
849 3153 894 3214 ita
908 3151 1004 3214 multo
1019 3155 1088 3233 post

100 3235 227 3313 accidit,
242 3239 276 3299 ut
292 3235 462 3317 Segestani,
484 3257 563 3319 quae
576 3242 643 3300 erat
657 3237 767 3300 civitas
782 3235 918 3314 Siciliae,
941 3237 979 3298 ab
994 3237 1088 3298 Athe-
1161 3273 1168 3278 -

6 3371 8 3404 ;
101 3322 264 3386 niensibus
295 3321 446 3384 auxilium
477 3327 585 3386 eontra
610 3323 820 3405 Syracusanos
845 3326 877 3386 at
902 3321 1088 3385 Selinuntios

100 3410 254 3491 peterent.
313 3406 391 3470 liam
416 3409 606 3472 occasionem
630 3413 738 3472 nactus
763 3408 941 3470 Alcibiades
968 3407 1088 3469 civibus
1109 3403 1153 3470 35

6 3529 7 3534 κ
101 3494 169 3556 suis
187 3495 295 3558 auctor
314 3494 385 3570 fuit,
406 3498 440 3556 ut
460 3491 660 3576 Syracusanis
680 3494 796 3556 bellurn
815 3492 996 3566 indicerent;
1017 3511 1089 3556 nam

6 3655 8 3666 Ι
103 3599 175 3644 cum
190 3580 266 3642 urbs
280 3598 385 3642 eorum
400 3581 519 3648 colonia
533 3580 645 3644 Dorica
658 3582 753 3656 esset,
775 3597 880 3642 eorum
901 3578 1088 3643 incremento

100 3685 153 3729 res
162 3684 283 3748 quoque
294 3664 603 3730 Lacedaemoniorum
614 3666 730 3750 augeri,
744 3664 1088 3730 contraAtbenicnsium

899 3765 931 3822 3⁸
