2720 4482
378 379 454 442 XX.
478 381 683 445 carthus.
964 379 1025 447 107

15 552 196 613 interiectis
214 553 333 630 magni
347 553 405 614 fnit
420 556 485 614 eius
501 574 600 634 opera.
625 555 695 625 Quo
710 555 825 616 factum
840 557 896 631 est,
912 575 980 616 0111
996 556 1027 616 11

18 659 53 700 eo
74 639 161 698 bello
187 640 364 700 cecidisset
380 637 565 717 Camisares,
592 647 720 721 paterna
740 642 769 701 ei
794 645 830 700 11
856 641 1028 702 traderetur

19 726 195 804 provincia.

104 808 185 870 Pari
202 831 241 872 se
259 812 378 872 1111110
392 816 497 890 postea
517 813 672 892 praebuit,
694 831 763 872 cum
778 811 1023 892 Autophrodates
1044 810 1079 872 11

19 895 103 956 iussu
119 898 213 975 regis
231 894 320 956 bello
336 908 568 977 persequeretur
583 918 643 970 eos,
660 899 712 976 qui
724 898 906 958 defecerant.
931 898 1023 958 Nam·
1046 895 1067 959 5

21 1003 76 1060 que
100 983 198 1042 huius
225 1002 327 1064 opera
349 984 463 1057 hostes,
488 1003 557 1043 cum
578 991 677 1043 castra
692 986 753 1044 iam
769 985 941 1056 intrassent,
958 1004 1025 1064 pro·

22 1069 124 1144 bigati.
143 1073 225 1128 sunt
251 1069 469 1147 exercitusque
494 1069 630 1148 reliquus
653 1079 849 1130 conservatus
869 1071 952 1150 regis
968 1073 1023 1130 est.

17 1152 91 1220 ‘Qua
118 1174 161 1214 ex
190 1174 230 1214 re
260 1155 429 1214 maioribus
455 1155 546 1214 rebus
573 1173 713 1234 praeesse
740 1156 847 1234 coepit.
892 1155 969 1215 Erat
989 1175 1024 1215 eo

22 1241 160 1318 tempore
185 1239 306 1320 Thuys
327 1240 473 1318 dynastes
494 1239 734 1319 Paphlagoniae,
758 1242 881 1319 antiquo
902 1260 1024 1318 genere,
1064 1265 1067 1272 ’

25 1337 106 1384 ortus
131 1345 151 1385 a
174 1323 376 1406 Pylaemene
399 1325 466 1400 illo,
493 1346 583 1404 quem
609 1325 758 1385 Homerus
774 1325 881 1386 Troico
905 1327 984 1387 bello
1005 1345 1025 1386 a
1046 1322 1089 1387 10

24 1408 165 1471 Menelao
184 1413 390 1471 interfectum
406 1411 457 1471 ait.
503 1411 536 1472 Is
552 1412 618 1489 regi
634 1412 714 1472 dieto
730 1412 857 1471 audiens
872 1431 930 1471 non
947 1417 1022 1472 erat.

27 1494 125 1563 Quam
150 1498 191 1557 ob
216 1517 347 1557 causam
368 1497 447 1556 bello
462 1517 532 1557 eum
547 1498 688 1576 persequi
704 1499 861 1557 constituit
876 1499 964 1576 eique
979 1498 1024 1558 rei

27 1583 173 1660 praefecit
192 1583 362 1654 Datamen,
379 1585 580 1662 propinquum
597 1583 817 1662 Paphlagonis:
838 1603 968 1662 namque
983 1603 1025 1644 ex

29 1668 118 1728 fratre
142 1675 176 1729 et
203 1689 317 1729 sorore
339 1675 425 1728 erant
446 1671 518 1729 nati.
564 1669 664 1739 Quem
680 1670 717 1728 ob
740 1689 862 1729 causam
876 1669 1023 1730 Datames

30 1754 160 1831 primum
177 1755 324 1834 experiri
339 1755 445 1828 101111,
469 1761 503 1814 11
517 1754 582 1815 0110
598 1755 691 1814 armis
706 1757 908 1834 propinquum
924 1755 963 1814 ad
979 1756 1021 1816 of·
1046 1749 1088 1815 15

31 1838 128 1900 hoium
143 1841 326 1900 reduceret.
372 1838 420 1899 Ad
437 1861 527 1919 quem
547 1859 616 1900 cum
633 1842 766 1901 venisset
780 1841 846 1900 sine
861 1841 1021 1920 praesidio,

33 1927 105 2001 quod
129 1927 170 1986 ab
196 1929 302 1987 amico
327 1925 426 1987 nullas
450 1932 609 1986 vereretur
622 1925 762 1997 insidias,
786 1945 883 2004 paene
898 1926 1022 1986 interiit.

35 2008 107 2070 llam
121 2011 238 2093 Thuys
257 2017 328 2072 eu'm
343 2013 422 2071 01011
438 2011 607 2072 interficere
622 2012 727 2072 voluit.
748 2010 827 2080 ,Erat
842 2014 939 2071 mater
954 2029 1023 2070 0111

36 2092 176 2170 Datame,
205 2099 306 2158 amita
329 2096 544 2176 Paphlagonis.
591 2096 637 2158 Ea
659 2096 731 2176 quid
755 2109 898 2176 ageretur
919 2096 1024 2156 resciit

35 2180 190 2262 filiumque
203 2184 335 2244 monuit.
358 2183 417 2242 Ille
429 2184 503 2264 luga
518 2183 689 2261 periculum
704 2183 833 2242 evitavit
849 2182 1023 2260 bellumque
1044 2181 1088 2245 20

38 2264 143 2328 indixit
158 2269 299 2350 Thuyni.
345 2267 382 2327 In
405 2288 463 2347 qno
488 2288 556 2328 oum
579 2269 616 2328 ab
635 2267 848 2342 Ariobarzane,
869 2269 1022 2348 praefecto

38 2347 208 2433 Phrygiae,
244 2355 384 2414 desertus
418 2359 510 2426 esset,
540 2355 634 2415 nihilo
663 2357 787 2432 segnius
816 2353 1024 2434 perseveravit

39 2436 204 2520 rivumque
221 2441 336 2520 Thuyn
351 2442 433 2521 cepit
447 2461 516 2502 cum
531 2461 626 2503 uxore
642 2446 673 2502 01
688 2442 801 2503 liberis.

120 2524 220 2588 Cuius
237 2527 313 2589 facti
337 2547 375 2586 10
396 2529 480 2606 prius
494 2528 576 2588 fama
592 2529 630 2588 ad
646 2548 750 2606 rogem
767 2546 858 2606 quam
875 2528 940 2608 ipse
955 2545 1022 2606 per·
1044 2528 1097 2590 ΙΙΙ

40 2611 168 2688 reniret,
194 2615 285 2676 dedit
306 2631 437 2692 operam.
483 2615 592 2692 Itaque
616 2615 755 2674 omnibus
776 2615 878 2673 insciis
894 2632 943 2685 eo,
970 2613 1023 2671 ubi
1044 2611 1087 2676 25

43 2700 101 2755 erat
116 2717 189 2773 rex,
211 2699 299 2758 venit
314 2706 495 2778 posteroque
516 2699 565 2758 die
581 2698 704 2777 Thuyn,
729 2699 881 2759 hominem
896 2697 1023 2757 maximi

42 2785 170 2862 corporis
187 2784 380 2863 terribilique
395 2785 486 2856 facie,
510 2783 589 2862 quod
610 2793 642 2843 et
656 2785 744 2861 niger
759 2790 789 2843 01
804 2784 914 2862 capillo
930 2781 1022 2860 longo

43 2863 193 2948 barbaque
204 2876 274 2931 erat
284 2871 441 2950 promissa,
454 2870 568 2949 optima
579 2878 664 2929 veste
676 2870 761 2943 texit,
779 2888 869 2948 quam
882 2872 1023 2948 satrapae

43 2954 114 3029 regii
134 2975 248 3032 gerere
271 2961 464 3028 consuerant,
489 2956 611 3016 ornavit
633 2956 725 3014 etiam
748 2963 854 3033 torque
870 2966 960 3032 atque
976 2972 1023 3012 ar-

44 3038 130 3097 millis
151 3044 256 3102 aureis
277 3046 438 3120 ceteroque
459 3042 544 3118 regio
567 3041 663 3100 cultu:
687 3041 752 3119 ipse
775 3040 889 3118 agresti
911 3038 1023 3120 duplici
1045 3035 1088 3103 30

44 3125 168 3186 amiculo
185 3127 391 3187 circumdatus
403 3132 469 3187 erat
481 3127 619 3206 hirtaque
631 3127 742 3199 tunica,
758 3146 869 3204 gerens
881 3126 912 3184 in
924 3126 1023 3206 capite

46 3207 161 3280 galeam
176 3216 381 3286 venatoriam,
406 3213 517 3273 dextra
531 3231 623 3272 manu
638 3214 772 3287 clavam,
795 3212 919 3271 sinistra
934 3230 1023 3290 oopu-

47 3287 111 3360 11111,
128 3316 188 3374 qua
204 3299 341 3359 11101111
357 3303 427 3358 0110
442 3319 476 3358 00
492 3298 653 3377 Thuynem
675 3300 800 3376 agebat,
823 3303 860 3358 ut
880 3298 906 3356 si
926 3298 1023 3356 leram

47 3371 170 3442 bestiam
186 3391 307 3463 captam
323 3386 455 3444 duceret.
494 3383 594 3452 Quem
611 3404 679 3444 cum
696 3404 798 3445 omnes
814 3383 1023 3462 conspicerent

49 3473 165 3542 propter
180 3472 346 3530 novitatem
362 3477 487 3531 ornatus
498 3471 695 3548 ignotamque
706 3471 834 3529 formam
847 3469 884 3526 ob
896 3486 1022 3545 eamque
1044 3463 1089 3530 35

49 3561 108 3607 rem
122 3571 252 3631 magnus
273 3561 354 3616 esset
379 3574 557 3629 concursus,
584 3553 643 3615 fuit
665 3574 723 3614 non
738 3574 840 3627 nemo,
863 3552 914 3631 qui
930 3571 1022 3630 agno-

52 3644 142 3696 soeret
161 3639 273 3720 Thuyn
293 3643 420 3720 regique
436 3642 597 3702 nuntiaret.
643 3639 746 3701 Primo
761 3659 823 3700 non
849 3638 1023 3698 accredidit.

51 3711 151 3797 Itaque
166 3722 396 3787 Pharnabazum
422 3725 506 3786 misit
535 3725 735 3806 exploratum.
781 3723 811 3784 A
831 3743 890 3804 quo
909 3734 945 3786 ut
958 3744 1024 3785 rem
