2748 4486
288 341 331 407 12
448 341 476 416 θ
578 343 618 404 ll.
642 337 966 406 THEMISTOGLES.

288 513 402 578 Omnes
422 517 524 578 autem
543 517 576 576 et
593 515 737 577 dicuntur
750 518 782 576 et
795 513 944 576 habentur
958 512 1091 594 tyruuui,
1112 513 1165 594 qui
1179 515 1272 595 pote
1366 531 1367 554 ¹

287 603 367 664 state
381 605 454 665 suut
466 605 614 683 perpetua
625 600 658 662 in
672 620 709 664 ea
722 599 859 675 civitate,
882 618 961 681 quae
982 598 1123 661 libertate
1136 617 1195 662 usa
1210 605 1270 660 est
1362 613 1364 668 t

288 686 349 750 Sed
369 686 403 750 in
422 685 561 752 Miltiade
582 690 648 748 erat
662 707 731 750 cum
751 703 870 748 summa
888 685 1078 772 humanitas,
1096 687 1163 746 tum
1187 685 1273 746 mira

287 773 429 850 facilitas,
444 776 480 834 ut
491 791 580 836 nemo
595 776 658 834 tam
668 771 792 834 humilis
802 779 890 846 esset,
906 771 956 832 oui
965 771 1073 836 nonsd
1084 789 1154 832 eum
1164 771 1273 832 editus

244 855 267 924 ὅ
287 861 420 940 pateret,
442 876 556 940 magna
573 858 737 922 auotoritas
756 859 838 939 apud
858 877 963 920 omues
985 856 1140 934 civitates,
1163 857 1274 918 nobile

287 964 406 1021 nornen,
422 945 490 1008 laus
503 943 646 1006 militaris
659 944 802 1006 maxima
845 942 932 1004 Haec
946 941 1077 1023 populus
1095 942 1273 1024 respiciens

288 1030 397 1093 maluit
404 1050 474 1092 eum
485 1030 642 1094 innoxium
649 1030 751 1112 plecti,
762 1047 852 1110 quarn
860 1048 894 1090 se
904 1028 1019 1092 diutius
1028 1047 1095 1090 esse
1105 1028 1270 1090 intimore.

674 1305 878 1314 *ιι-...-

570 1523 625 1606 11.
652 1523 976 1608 Themistocles·

220 1715 241 1778 Ι
288 1697 523 1787 Tunmsrocnas,
538 1712 645 1774 Neocli
658 1713 749 1788 filius,
763 1711 960 1774 Atheniensis
973 1711 1180 1775 adnleseentia
1194 1733 1269 1774 usus
1366 1693 1367 1732 ¹

287 1803 343 1875 est,
360 1817 437 1880 quae
452 1798 674 1879 uituperatione
688 1819 748 1860 nou
763 1802 888 1874 careret,
904 1799 959 1860 sed
973 1798 1051 1860 vitia
1065 1798 1131 1860 eins
1145 1799 1268 1880 magnis

287 1887 359 1946 sunt
372 1885 532 1947 emendata
545 1885 719 1960 virtutibus,
734 1889 769 1946 ut
782 1886 969 1947 anteferatur
982 1885 1053 1946 huic
1064 1903 1162 1960 nemo,
1177 1885 1268 1965 pauci

286 1991 375 2052 pares
390 1973 542 2052 putentur.
586 1971 680 2032 Pater
695 1971 760 2032 eius
773 1969 918 2048 Neocles,
933 1973 1018 2032 ortus
1034 1970 1159 2050 antiqua
1171 1975 1264 2049 gente

242 2053 264 2119 5
285 2057 530 2138 Lycomidarum
545 2077 605 2118 uon
616 2057 865 2120 eratinterviros
877 2056 1080 2136 amplissimos
1091 2066 1123 2116 et
1133 2053 1259 2135 locuple-
1366 2093 1367 2123 ,

286 2143 420 2205 tissimos
430 2143 676 2215 Atheniensium
691 2143 719 2203 is
733 2163 866 2218 uxorem,
882 2145 917 2202 ut
931 2141 1054 2222 plurimi
1064 2141 1255 2214 tradiderunt,
1365 2172 1366 2176 =

286 2227 477 2291 Abrotonum
487 2228 648 2290 Thraciam
659 2228 757 2303 duxit,
771 2249 812 2288 ex
827 2247 886 2307 qua
900 2228 1008 2306 genuit
1018 2225 1256 2289 Themistoclen„

288 2313 349 2374 Hic
369 2314 430 2376 iam
452 2334 528 2393 puer
541 2314 656 2388 docuit,
680 2333 714 2374 se
735 2312 844 2374 altiora
864 2321 983 2394 petere3
1003 2332 1076 2374 nam
1090 2333 1160 2374 oum
1174 2311 1260 2373 disci-

287 2397 372 2478 plina
387 2399 496 2478 puerili
510 2397 646 2472 vacabat,
668 2418 729 2459 non
743 2399 868 2460 ludebat
882 2418 952 2460 cum
966 2398 1035 2460 aliis
1049 2399 1152 2479 pueris
1166 2416 1262 2476 neque

225 2481 267 2546 10
288 2483 459 2546 remissioni
473 2488 526 2546 eut
536 2484 689 2564 ,voluptati
703 2485 850 2561 sedabat,
866 2484 920 2546 sed
934 2484 1085 2546 orationes
1099 2483 1262 2546 meditabor

288 2575 354 2643 tur,
374 2570 483 2650 quibus
505 2589 617 2650 pueros
638 2569 713 2635 alios
741 2573 794 2632 aut
816 2589 958 2632 accusare
977 2572 1030 2633 aut
1049 2570 1212 2632 defendere
1229 2588 1263 2630 se

289 2655 432 2735 fingebat
484 2654 689 2726 Quamobrem
714 2661 892 2736 praeceptor
920 2657 1060 2718 dictitare
1081 2657 1188 2718 solitus
1208 2658 1262 2730 cst,

290 2761 360 2802 eum
375 2741 535 2822 aliquando
550 2762 610 2804 non
624 2741 712 2823 parvi
727 2743 809 2824 quid,
824 2742 880 2804 sed
891 2747 944 2804 aut
952 2744 1098 2822 optimum
1109 2747 1162 2803 aut
1170 2741 1264 2823 pessi-

289 2847 373 2890 mum
387 2828 460 2890 fore.
494 2827 622 2890 Artibus
637 2835 740 2891 tamen
753 2829 800 2906 iis,
817 2849 894 2909 quae
907 2829 1059 2908 ingenuae
1074 2828 1140 2889 sive
1154 2829 1263 2888 libera-

227 2911 268 2976 15
290 2913 335 2974 les
349 2917 505 2990 vocantur,
522 2915 634 2996 quippe
649 2935 726 2994 quae
740 2915 779 2976 ad
793 2915 1012 2996 rempublicam
1031 2915 1198 2992 gerendam
1212 2913 1264 2974 vel

289 3002 386 3062 artem
407 3001 571 3062 militarem
585 3001 661 3062 nihil
681 3001 832 3075 valerent,
853 3021 914 3062 non
934 3001 1064 3062 multum
1086 2999 1262 3081 diligentiae

290 3084 437 3146 adhibuit.
482 3084 512 3146 A
530 3087 646 3146 musica
667 3085 789 3166 quidem
808 3106 932 3166 prorsus
951 3086 1141 3162 abhorrebat,
1162 3105 1262 3164 quem-

290 3170 394 3232 obrem
409 3189 477 3231 cum
492 3171 642 3250 quondam
657 3171 689 3231 in
703 3171 801 3251 epulis
816 3173 917 3252 lyram
932 3172 960 3232 ei
983 3171 1137 3248 offerrent,
1157 3171 1262 3232 exhor-

288 3258 397 3331 tantes,
413 3259 448 3316 ut
462 3259 553 3317 cantu
568 3257 713 3318 convivas
727 3257 902 3332 oblectaret,
919 3257 1034 3318 dixisse
1048 3257 1173 3332 dicitur,
1195 3255 1259 3317 fidi-

225 3339 268 3406 20
289 3343 346 3402 bus
361 3361 393 3402 se
408 3342 533 3418 nescire,
548 3342 627 3403 scire
641 3343 748 3404 urbem
762 3343 906 3424 exiguam
926 3344 959 3403 ct
978 3347 1101 3404 tenuem
1120 3361 1260 3422 maguam

289 3431 321 3488 et
334 3431 488 3507 potentem
502 3427 639 3490 reddere.
683 3428 722 3490 Iu
741 3427 945 3491 adolescentia
965 3429 1068 3490 varius
1088 3429 1147 3490 fuit
1168 3431 1199 3488 et
1217 3429 1260 3489 iu-

290 3517 445 3590 ocnstans‚
465 3515 581 3596 impetu
600 3514 730 3593 ingenii,
752 3515 831 3594 quod
852 3514 1057 3577 moderatione
1071 3518 1103 3577 et
1116 3515 1262 3595 guberna-

291 3597 372 3660 tione
387 3613 512 3677 careret,
527 3600 616 3662 modo
631 3601 690 3662 huc
705 3601 793 3663 modo
808 3599 895 3676 illuc,
919 3601 1039 3682 saepius
1054 3601 1093 3662 ad
1114 3599 1261 3662 deteriora

290 3684 417 3747 ablatus.
462 3685 553 3756 Quod
571 3686 638 3766 ipse
657 3689 762 3766 postea
782 3686 936 3766 professus
958 3690 1013 3764 est,
1037 3705 1106 3748 cum
1128 3686 1259 3761 adderet,

1366 2455 1367 2524 l

1366 3025 1367 3112 l

1364 3301 1367 3370 r

1362 3395 1367 3538 l
