<?xml version="1.0" encoding="UTF-8"?>
<!DOCTYPE html PUBLIC "-//W3C//DTD XHTML 1.0 Transitional//EN"
    "http://www.w3.org/TR/xhtml1/DTD/xhtml1-transitional.dtd">
<html xmlns="http://www.w3.org/1999/xhtml" xml:lang="en" lang="en">
 <head>
  <title>
</title>
<meta http-equiv="Content-Type" content="text/html;charset=utf-8" />
  <meta name='ocr-system' content='tesseract 3.04.00' />
  <meta name='ocr-capabilities' content='ocr_page ocr_carea ocr_par ocr_line ocrx_word'/>
</head>
<body>
  <div class='ocr_page' id='page_1' title='image "./liberdeexcelben01nepogoog_0162.png"; bbox 0 0 2720 4482; ppageno 0'>
   <div class='ocr_carea' id='block_1_1' title="bbox 463 291 1045 356">
    <p class='ocr_par' dir='ltr' id='par_1_1' title="bbox 463 291 1045 356">
     <span class='ocr_line' id='line_1_1' title="bbox 463 291 1045 356; baseline 0.003 -2"><span class='ocrx_word' id='word_1_1' title='bbox 463 292 647 356; x_wconf 77' lang='lat' dir='ltr'><strong>ATTICUS.</strong></span> <span class='ocrx_word' id='word_1_2' title='bbox 983 291 1045 356; x_wconf 80' lang='lat'><strong>129</strong></span> 
     </span>
    </p>
   </div>
   <div class='ocr_carea' id='block_1_2' title="bbox 1 464 1140 3709">
    <p class='ocr_par' dir='ltr' id='par_1_2' title="bbox 58 464 1110 1827">
     <span class='ocr_line' id='line_1_2' title="bbox 59 464 1046 550; baseline 0 -23"><span class='ocrx_word' id='word_1_3' title='bbox 59 469 129 528; x_wconf 87' lang='lat' dir='ltr'><strong>tam</strong></span> <span class='ocrx_word' id='word_1_4' title='bbox 143 464 230 526; x_wconf 87' lang='lat' dir='ltr'><strong>effusi</strong></span> <span class='ocrx_word' id='word_1_5' title='bbox 245 465 376 526; x_wconf 89' lang='lat' dir='ltr'><strong>ambitus</strong></span> <span class='ocrx_word' id='word_1_6' title='bbox 390 465 610 545; x_wconf 86' lang='lat' dir='ltr'><strong>largitionibus,</strong></span> <span class='ocrx_word' id='word_1_7' title='bbox 631 485 730 544; x_wconf 91' lang='lat' dir='ltr'><strong>neque</strong></span> <span class='ocrx_word' id='word_1_8' title='bbox 744 464 812 545; x_wconf 81' lang='lat' dir='ltr'><strong>geri</strong></span> <span class='ocrx_word' id='word_1_9' title='bbox 831 485 849 526; x_wconf 89' lang='lat' dir='ltr'><strong>e</strong></span> <span class='ocrx_word' id='word_1_10' title='bbox 868 485 903 526; x_wconf 88' lang='grc'><strong>11</strong></span> <span class='ocrx_word' id='word_1_11' title='bbox 923 465 1046 550; x_wconf 85' lang='lat' dir='ltr'><strong>publica</strong></span> 
     </span>
     <span class='ocr_line' id='line_1_3' title="bbox 62 550 1045 632; baseline 0 -19"><span class='ocrx_word' id='word_1_12' title='bbox 62 555 133 613; x_wconf 90' lang='lat' dir='ltr'><strong>sine</strong></span> <span class='ocrx_word' id='word_1_13' title='bbox 147 551 282 632; x_wconf 89' lang='lat' dir='ltr'><strong>periculo</strong></span> <span class='ocrx_word' id='word_1_14' title='bbox 299 552 448 630; x_wconf 78' lang='lat' dir='ltr'>corruptis</span> <span class='ocrx_word' id='word_1_15' title='bbox 463 551 595 612; x_wconf 82' lang='lat' dir='ltr'><strong>civitatis</strong></span> <span class='ocrx_word' id='word_1_16' title='bbox 610 551 752 612; x_wconf 89' lang='lat' dir='ltr'><strong>moribus.</strong></span> <span class='ocrx_word' id='word_1_17' title='bbox 793 550 844 611; x_wconf 90' lang='lat' dir='ltr'><strong>Ad</strong></span> <span class='ocrx_word' id='word_1_18' title='bbox 858 551 977 612; x_wconf 79' lang='lat' dir='ltr'><strong>hastam</strong></span> <span class='ocrx_word' id='word_1_19' title='bbox 991 572 1045 632; x_wconf 90' lang='lat' dir='ltr'><strong>pu-</strong></span> 
     </span>
     <span class='ocr_line' id='line_1_4' title="bbox 61 636 1045 717; baseline -0.002 -18"><span class='ocrx_word' id='word_1_20' title='bbox 61 639 178 699; x_wconf 82' lang='lat' dir='ltr'>blicam</span> <span class='ocrx_word' id='word_1_21' title='bbox 192 656 356 715; x_wconf 82' lang='lat' dir='ltr'><strong>numquam</strong></span> <span class='ocrx_word' id='word_1_22' title='bbox 371 637 505 698; x_wconf 89' lang='lat' dir='ltr'><strong>accessit.</strong></span> <span class='ocrx_word' id='word_1_23' title='bbox 540 636 663 697; x_wconf 82' lang='lat' dir='ltr'>Nullius</span> <span class='ocrx_word' id='word_1_24' title='bbox 677 636 722 696; x_wconf 87' lang='grc'><strong>111</strong></span> <span class='ocrx_word' id='word_1_25' title='bbox 735 655 834 714; x_wconf 86' lang='lat' dir='ltr'><strong>neque</strong></span> <span class='ocrx_word' id='word_1_26' title='bbox 848 656 936 716; x_wconf 88' lang='lat' dir='ltr'><strong>praes</strong></span> <span class='ocrx_word' id='word_1_27' title='bbox 948 656 1045 717; x_wconf 90' lang='lat' dir='ltr'><strong>neque</strong></span> 
     </span>
     <span class='ocr_line' id='line_1_5' title="bbox 61 721 1045 803; baseline -0.002 -19"><span class='ocrx_word' id='word_1_28' title='bbox 61 743 209 803; x_wconf 77' lang='lat' dir='ltr'><strong>manceps</strong></span> <span class='ocrx_word' id='word_1_29' title='bbox 224 723 322 783; x_wconf 84' lang='lat' dir='ltr'><strong>factus</strong></span> <span class='ocrx_word' id='word_1_30' title='bbox 336 724 391 783; x_wconf 89' lang='lat' dir='ltr'><strong>est.</strong></span> <span class='ocrx_word' id='word_1_31' title='bbox 435 721 595 782; x_wconf 87' lang='lat' dir='ltr'><strong>Neminem</strong></span> <span class='ocrx_word' id='word_1_32' title='bbox 616 741 714 801; x_wconf 88' lang='lat' dir='ltr'><strong>neque</strong></span> <span class='ocrx_word' id='word_1_33' title='bbox 735 741 789 782; x_wconf 93' lang='lat' dir='ltr'><strong>suo</strong></span> <span class='ocrx_word' id='word_1_34' title='bbox 811 723 932 783; x_wconf 90' lang='lat' dir='ltr'><strong>nomine</strong></span> <span class='ocrx_word' id='word_1_35' title='bbox 948 742 1045 802; x_wconf 88' lang='lat' dir='ltr'><strong>neque</strong></span> 
     </span>
     <span class='ocr_line' id='line_1_6' title="bbox 62 804 1087 886; baseline -0.002 -16"><span class='ocrx_word' id='word_1_36' title='bbox 62 809 259 872; x_wconf 83' lang='lat' dir='ltr'><strong>subscribens</strong></span> <span class='ocrx_word' id='word_1_37' title='bbox 285 808 453 868; x_wconf 85' lang='lat' dir='ltr'><strong>accusavit:</strong></span> <span class='ocrx_word' id='word_1_38' title='bbox 478 808 510 868; x_wconf 92' lang='lat' dir='ltr'><strong>in</strong></span> <span class='ocrx_word' id='word_1_39' title='bbox 535 809 583 868; x_wconf 89' lang='lat' dir='ltr'><strong>ius</strong></span> <span class='ocrx_word' id='word_1_40' title='bbox 609 808 725 868; x_wconf 89' lang='lat' dir='ltr'><strong>desua</strong></span> <span class='ocrx_word' id='word_1_41' title='bbox 750 827 785 867; x_wconf 89' lang='lat' dir='ltr'><strong>re</strong></span> <span class='ocrx_word' id='word_1_42' title='bbox 807 827 968 886; x_wconf 84' lang='lat' dir='ltr'><strong>numquam</strong></span> <span class='ocrx_word' id='word_1_43' title='bbox 993 809 1042 870; x_wconf 91' lang='lat' dir='ltr'><strong>iit:</strong></span> <span class='ocrx_word' id='word_1_44' title='bbox 1065 804 1087 868; x_wconf 83' lang='lat'>5</span> 
     </span>
     <span class='ocr_line' id='line_1_7' title="bbox 61 892 1087 973; baseline -0.001 -17"><span class='ocrx_word' id='word_1_45' title='bbox 61 895 213 957; x_wconf 89' lang='lat' dir='ltr'><strong>iudicium</strong></span> <span class='ocrx_word' id='word_1_46' title='bbox 227 894 343 954; x_wconf 91' lang='lat' dir='ltr'><strong>nullum</strong></span> <span class='ocrx_word' id='word_1_47' title='bbox 361 893 474 954; x_wconf 88' lang='lat' dir='ltr'><strong>habuit.</strong></span> <span class='ocrx_word' id='word_1_48' title='bbox 508 892 676 954; x_wconf 89' lang='lat' dir='ltr'><strong>Multorum</strong></span> <span class='ocrx_word' id='word_1_49' title='bbox 690 893 847 954; x_wconf 89' lang='lat' dir='ltr'><strong>consulum</strong></span> <span class='ocrx_word' id='word_1_50' title='bbox 857 898 1043 973; x_wconf 89' lang='lat' dir='ltr'><strong>praetorum·</strong></span> <span class='ocrx_word' id='word_1_51' title='bbox 1085 905 1087 916; x_wconf 83' lang='grc'><em>’</em></span> 
     </span>
     <span class='ocr_line' id='line_1_8' title="bbox 63 978 1044 1062; baseline 0.001 -22"><span class='ocrx_word' id='word_1_52' title='bbox 63 1001 123 1062; x_wconf 92' lang='lat' dir='ltr'><strong>que</strong></span> <span class='ocrx_word' id='word_1_53' title='bbox 138 980 346 1061; x_wconf 76' lang='lat' dir='ltr'><strong>praefecturas</strong></span> <span class='ocrx_word' id='word_1_54' title='bbox 362 978 478 1040; x_wconf 88' lang='lat' dir='ltr'><strong>delatas</strong></span> <span class='ocrx_word' id='word_1_55' title='bbox 493 978 538 1039; x_wconf 88' lang='lat' dir='ltr'><strong>sie</strong></span> <span class='ocrx_word' id='word_1_56' title='bbox 552 979 682 1058; x_wconf 86' lang='lat' dir='ltr'><strong>aceepit,</strong></span> <span class='ocrx_word' id='word_1_57' title='bbox 704 984 738 1038; x_wconf 92' lang='lat' dir='ltr'><strong>ut</strong></span> <span class='ocrx_word' id='word_1_58' title='bbox 757 980 908 1039; x_wconf 88' lang='lat' dir='ltr'><strong>neminem</strong></span> <span class='ocrx_word' id='word_1_59' title='bbox 929 980 961 1040; x_wconf 91' lang='lat' dir='ltr'><strong>in</strong></span> <span class='ocrx_word' id='word_1_60' title='bbox 976 999 1044 1060; x_wconf 91' lang='lat' dir='ltr'><strong>pro-</strong></span> 
     </span>
     <span class='ocr_line' id='line_1_9' title="bbox 62 1064 1045 1141; baseline 0 -15"><span class='ocrx_word' id='word_1_61' title='bbox 62 1067 198 1127; x_wconf 78' lang='lat' dir='ltr'><strong>vinciam</strong></span> <span class='ocrx_word' id='word_1_62' title='bbox 213 1065 252 1124; x_wconf 88' lang='lat' dir='ltr'><strong>sit</strong></span> <span class='ocrx_word' id='word_1_63' title='bbox 266 1067 398 1141; x_wconf 84' lang='lat' dir='ltr'><strong>secutus,</strong></span> <span class='ocrx_word' id='word_1_64' title='bbox 413 1065 526 1138; x_wconf 90' lang='lat' dir='ltr'><strong>honore</strong></span> <span class='ocrx_word' id='word_1_65' title='bbox 539 1064 632 1123; x_wconf 84' lang='lat' dir='ltr'><strong>fuerit</strong></span> <span class='ocrx_word' id='word_1_66' title='bbox 647 1067 814 1138; x_wconf 90' lang='lat' dir='ltr'><strong>contentus,</strong></span> <span class='ocrx_word' id='word_1_67' title='bbox 830 1065 876 1125; x_wconf 91' lang='lat' dir='ltr'><strong>rei</strong></span> <span class='ocrx_word' id='word_1_68' title='bbox 886 1065 1045 1126; x_wconf 86' lang='lat' dir='ltr'><strong>familiaris</strong></span> 
     </span>
     <span class='ocr_line' id='line_1_10' title="bbox 65 1147 1044 1232; baseline -0.001 -20"><span class='ocrx_word' id='word_1_69' title='bbox 65 1150 243 1232; x_wconf 74' lang='lat' dir='ltr'><strong>despexerit</strong></span> <span class='ocrx_word' id='word_1_70' title='bbox 254 1150 409 1211; x_wconf 76' lang='lat' dir='ltr'><strong>-fructumz</strong></span> <span class='ocrx_word' id='word_1_71' title='bbox 431 1149 483 1229; x_wconf 91' lang='lat' dir='ltr'><strong>qui</strong></span> <span class='ocrx_word' id='word_1_72' title='bbox 504 1169 542 1210; x_wconf 90' lang='lat' dir='ltr'><strong>ne</strong></span> <span class='ocrx_word' id='word_1_73' title='bbox 558 1168 627 1209; x_wconf 87' lang='lat' dir='ltr'><strong>cum</strong></span> <span class='ocrx_word' id='word_1_74' title='bbox 642 1149 679 1218; x_wconf 75' lang='lat' dir='ltr'><strong>Q.</strong></span> <span class='ocrx_word' id='word_1_75' title='bbox 694 1149 816 1228; x_wconf 89' lang='lat' dir='ltr'><strong>quidem</strong></span> <span class='ocrx_word' id='word_1_76' title='bbox 833 1147 978 1211; x_wconf 77' lang='lat' dir='ltr'><strong>Cicerone</strong></span> <span class='ocrx_word' id='word_1_77' title='bbox 991 1170 1044 1211; x_wconf 83' lang='grc'><strong>10-</strong></span> 
     </span>
     <span class='ocr_line' id='line_1_11' title="bbox 63 1231 1110 1315; baseline -0.002 -17"><span class='ocrx_word' id='word_1_78' title='bbox 63 1237 160 1298; x_wconf 90' lang='lat' dir='ltr'><strong>luerit</strong></span> <span class='ocrx_word' id='word_1_79' title='bbox 173 1236 219 1296; x_wconf 92' lang='lat' dir='ltr'><strong>ire</strong></span> <span class='ocrx_word' id='word_1_80' title='bbox 233 1236 265 1306; x_wconf 82' lang='lat' dir='ltr'><strong>in</strong></span> <span class='ocrx_word' id='word_1_81' title='bbox 279 1234 398 1308; x_wconf 88' lang='lat' dir='ltr'><strong>Asiam,</strong></span> <span class='ocrx_word' id='word_1_82' title='bbox 421 1255 491 1294; x_wconf 91' lang='lat' dir='ltr'><strong>cum</strong></span> <span class='ocrx_word' id='word_1_83' title='bbox 506 1236 586 1315; x_wconf 87' lang='lat' dir='ltr'><strong>apud</strong></span> <span class='ocrx_word' id='word_1_84' title='bbox 601 1255 671 1296; x_wconf 87' lang='lat' dir='ltr'><strong>eum</strong></span> <span class='ocrx_word' id='word_1_85' title='bbox 684 1235 779 1313; x_wconf 83' lang='lat' dir='ltr'><strong>legati</strong></span> <span class='ocrx_word' id='word_1_86' title='bbox 794 1235 894 1296; x_wconf 86' lang='lat' dir='ltr'><strong>locum</strong></span> <span class='ocrx_word' id='word_1_87' title='bbox 909 1235 1045 1297; x_wconf 90' lang='lat' dir='ltr'><strong>obtinere</strong></span> <span class='ocrx_word' id='word_1_88' title='bbox 1069 1231 1110 1296; x_wconf 87' lang='grc'><strong>10</strong></span> 
     </span>
     <span class='ocr_line' id='line_1_12' title="bbox 62 1320 1045 1404; baseline -0.001 -21"><span class='ocrx_word' id='word_1_89' title='bbox 62 1323 178 1404; x_wconf 85' lang='lat' dir='ltr'><strong>posset.</strong></span> <span class='ocrx_word' id='word_1_90' title='bbox 211 1320 280 1382; x_wconf 86' lang='lat' dir='ltr'><strong>Non</strong></span> <span class='ocrx_word' id='word_1_91' title='bbox 295 1321 376 1380; x_wconf 90' lang='lat' dir='ltr'><strong>euim</strong></span> <span class='ocrx_word' id='word_1_92' title='bbox 391 1322 498 1380; x_wconf 85' lang='lat' dir='ltr'><strong>decere</strong></span> <span class='ocrx_word' id='word_1_93' title='bbox 513 1341 545 1380; x_wconf 90' lang='lat' dir='ltr'><strong>se</strong></span> <span class='ocrx_word' id='word_1_94' title='bbox 561 1321 772 1394; x_wconf 81' lang='lat' dir='ltr'><strong>arbitrabatur,</strong></span> <span class='ocrx_word' id='word_1_95' title='bbox 789 1339 857 1382; x_wconf 89' lang='lat' dir='ltr'><strong>cum</strong></span> <span class='ocrx_word' id='word_1_96' title='bbox 872 1323 1045 1401; x_wconf 88' lang='lat' dir='ltr'><strong>praeturam</strong></span> 
     </span>
     <span class='ocr_line' id='line_1_13' title="bbox 61 1405 1045 1486; baseline -0.001 -18"><span class='ocrx_word' id='word_1_97' title='bbox 61 1427 176 1486; x_wconf 86' lang='lat' dir='ltr'><strong>gerere</strong></span> <span class='ocrx_word' id='word_1_98' title='bbox 190 1407 345 1482; x_wconf 88' lang='lat' dir='ltr'><strong>noluisset,</strong></span> <span class='ocrx_word' id='word_1_99' title='bbox 361 1407 508 1467; x_wconf 88' lang='lat' dir='ltr'><strong>asseclam</strong></span> <span class='ocrx_word' id='word_1_100' title='bbox 523 1426 589 1466; x_wconf 90' lang='lat' dir='ltr'><strong>esse</strong></span> <span class='ocrx_word' id='word_1_101' title='bbox 604 1406 760 1485; x_wconf 88' lang='lat' dir='ltr'><strong>praetoris.</strong></span> <span class='ocrx_word' id='word_1_102' title='bbox 807 1405 876 1476; x_wconf 80' lang='lat' dir='ltr'><strong>Qua</strong></span> <span class='ocrx_word' id='word_1_103' title='bbox 890 1407 922 1466; x_wconf 91' lang='lat' dir='ltr'><strong>in</strong></span> <span class='ocrx_word' id='word_1_104' title='bbox 936 1427 970 1466; x_wconf 87' lang='lat' dir='ltr'><strong>re</strong></span> <span class='ocrx_word' id='word_1_105' title='bbox 986 1427 1045 1468; x_wconf 92' lang='lat' dir='ltr'><strong>non</strong></span> 
     </span>
     <span class='ocr_line' id='line_1_14' title="bbox 63 1491 1046 1571; baseline -0.001 -18"><span class='ocrx_word' id='word_1_106' title='bbox 63 1495 166 1555; x_wconf 89' lang='lat' dir='ltr'><strong>solum</strong></span> <span class='ocrx_word' id='word_1_107' title='bbox 180 1492 324 1571; x_wconf 74' lang='lat' dir='ltr'><strong>dignitati</strong></span> <span class='ocrx_word' id='word_1_108' title='bbox 345 1492 511 1566; x_wconf 83' lang='lat' dir='ltr'><strong>serviebat,</strong></span> <span class='ocrx_word' id='word_1_109' title='bbox 535 1492 701 1553; x_wconf 89' lang='lat' dir='ltr'><strong>sedetiam</strong></span> <span class='ocrx_word' id='word_1_110' title='bbox 723 1491 950 1570; x_wconf 86' lang='lat' dir='ltr'><strong>tranquillitati,</strong></span> <span class='ocrx_word' id='word_1_111' title='bbox 976 1513 1046 1554; x_wconf 88' lang='lat' dir='ltr'><strong>cum</strong></span> 
     </span>
     <span class='ocr_line' id='line_1_15' title="bbox 60 1576 1045 1658; baseline -0.002 -18"><span class='ocrx_word' id='word_1_112' title='bbox 60 1578 254 1658; x_wconf 83' lang='lat' dir='ltr'><strong>suspiciones</strong></span> <span class='ocrx_word' id='word_1_113' title='bbox 269 1598 387 1657; x_wconf 91' lang='lat' dir='ltr'><strong>quoque</strong></span> <span class='ocrx_word' id='word_1_114' title='bbox 402 1579 515 1639; x_wconf 79' lang='lat' dir='ltr'><strong>uitaret</strong></span> <span class='ocrx_word' id='word_1_115' title='bbox 531 1578 697 1639; x_wconf 88' lang='lat' dir='ltr'><strong>criminum.</strong></span> <span class='ocrx_word' id='word_1_116' title='bbox 733 1576 801 1646; x_wconf 75' lang='lat' dir='ltr'><strong>Quo</strong></span> <span class='ocrx_word' id='word_1_117' title='bbox 816 1577 916 1654; x_wconf 89' lang='lat' dir='ltr'><strong>fiebat,</strong></span> <span class='ocrx_word' id='word_1_118' title='bbox 931 1581 966 1638; x_wconf 88' lang='grc'><strong>111</strong></span> <span class='ocrx_word' id='word_1_119' title='bbox 980 1579 1045 1639; x_wconf 90' lang='lat' dir='ltr'><strong>eius</strong></span> 
     </span>
     <span class='ocr_line' id='line_1_16' title="bbox 58 1656 1110 1750; baseline -0.004 -24"><span class='ocrx_word' id='word_1_120' title='bbox 58 1664 261 1726; x_wconf 77' lang='lat' dir='ltr'><strong>observantia</strong></span> <span class='ocrx_word' id='word_1_121' title='bbox 275 1663 412 1723; x_wconf 90' lang='lat' dir='ltr'><strong>omuibus</strong></span> <span class='ocrx_word' id='word_1_122' title='bbox 428 1667 509 1723; x_wconf 85' lang='lat' dir='ltr'><strong>esset</strong></span> <span class='ocrx_word' id='word_1_123' title='bbox 532 1663 643 1738; x_wconf 85' lang='lat' dir='ltr'><strong>carior,</strong></span> <span class='ocrx_word' id='word_1_124' title='bbox 668 1681 737 1723; x_wconf 91' lang='lat' dir='ltr'><strong>cum</strong></span> <span class='ocrx_word' id='word_1_125' title='bbox 759 1683 826 1724; x_wconf 89' lang='lat' dir='ltr'><strong>eam</strong></span> <span class='ocrx_word' id='word_1_126' title='bbox 848 1664 960 1750; x_wconf 66' lang='lat' dir='ltr'><strong>officio,</strong></span> <span class='ocrx_word' id='word_1_127' title='bbox 985 1683 1046 1724; x_wconf 91' lang='lat' dir='ltr'><strong>non</strong></span> <span class='ocrx_word' id='word_1_128' title='bbox 1070 1656 1110 1722; x_wconf 81' lang='lat'><strong>15</strong></span> 
     </span>
     <span class='ocr_line' id='line_1_17' title="bbox 66 1749 638 1827; baseline 0.002 -17"><span class='ocrx_word' id='word_1_129' title='bbox 66 1750 174 1811; x_wconf 89' lang='lat' dir='ltr'><strong>timori</strong></span> <span class='ocrx_word' id='word_1_130' title='bbox 189 1768 286 1827; x_wconf 91' lang='lat' dir='ltr'><strong>neque</strong></span> <span class='ocrx_word' id='word_1_131' title='bbox 302 1749 367 1827; x_wconf 90' lang='lat' dir='ltr'><strong>spei</strong></span> <span class='ocrx_word' id='word_1_132' title='bbox 380 1749 474 1808; x_wconf 90' lang='lat' dir='ltr'><strong>tribui</strong></span> <span class='ocrx_word' id='word_1_133' title='bbox 487 1749 638 1811; x_wconf 82' lang='lat' dir='ltr'><strong>viderent.</strong></span> 
     </span>
    </p>

    <p class='ocr_par' dir='ltr' id='par_1_3' title="bbox 1 1830 1140 3028">
     <span class='ocr_line' id='line_1_18' title="bbox 153 1830 1134 1906; baseline -0.002 -12"><span class='ocrx_word' id='word_1_134' title='bbox 153 1835 267 1894; x_wconf 89' lang='lat' dir='ltr'><strong>Incidit</strong></span> <span class='ocrx_word' id='word_1_135' title='bbox 282 1830 497 1895; x_wconf 84' lang='lat' dir='ltr'><strong>Caesarianum</strong></span> <span class='ocrx_word' id='word_1_136' title='bbox 511 1833 602 1893; x_wconf 85' lang='lat' dir='ltr'><strong>oivile</strong></span> <span class='ocrx_word' id='word_1_137' title='bbox 617 1831 746 1906; x_wconf 88' lang='lat' dir='ltr'><strong>bellum,</strong></span> <span class='ocrx_word' id='word_1_138' title='bbox 769 1851 837 1891; x_wconf 89' lang='lat' dir='ltr'><strong>cum</strong></span> <span class='ocrx_word' id='word_1_139' title='bbox 852 1832 978 1893; x_wconf 92' lang='lat' dir='ltr'><strong>haberet</strong></span> <span class='ocrx_word' id='word_1_140' title='bbox 993 1853 1044 1893; x_wconf 91' lang='lat' dir='ltr'><strong>an·</strong></span> <span class='ocrx_word' id='word_1_141' title='bbox 1071 1831 1134 1892; x_wconf 77' lang='lat' dir='ltr'><strong>vu</strong></span> 
     </span>
     <span class='ocr_line' id='line_1_19' title="bbox 63 1916 1046 1998; baseline -0.002 -17"><span class='ocrx_word' id='word_1_142' title='bbox 63 1941 119 1982; x_wconf 92' lang='lat' dir='ltr'><strong>nos</strong></span> <span class='ocrx_word' id='word_1_143' title='bbox 138 1920 260 1980; x_wconf 87' lang='lat' dir='ltr'><strong>circiter</strong></span> <span class='ocrx_word' id='word_1_144' title='bbox 274 1919 444 1996; x_wconf 86' lang='lat' dir='ltr'><strong>sexaginta.</strong></span> <span class='ocrx_word' id='word_1_145' title='bbox 489 1916 569 1978; x_wconf 88' lang='lat' dir='ltr'><strong>Usus</strong></span> <span class='ocrx_word' id='word_1_146' title='bbox 591 1921 638 1978; x_wconf 88' lang='lat' dir='ltr'><strong>est</strong></span> <span class='ocrx_word' id='word_1_147' title='bbox 653 1917 760 1977; x_wconf 89' lang='lat' dir='ltr'><strong>aetatis</strong></span> <span class='ocrx_word' id='word_1_148' title='bbox 775 1918 934 1978; x_wconf 81' lang='lat' dir='ltr'><strong>vacatione</strong></span> <span class='ocrx_word' id='word_1_149' title='bbox 948 1938 1046 1998; x_wconf 92' lang='lat' dir='ltr'><strong>neque</strong></span> 
     </span>
     <span class='ocr_line' id='line_1_20' title="bbox 61 2002 1045 2085; baseline -0.003 -18"><span class='ocrx_word' id='word_1_150' title='bbox 61 2028 96 2067; x_wconf 90' lang='lat' dir='ltr'><strong>se</strong></span> <span class='ocrx_word' id='word_1_151' title='bbox 113 2024 268 2085; x_wconf 91' lang='lat' dir='ltr'><strong>quoquam</strong></span> <span class='ocrx_word' id='word_1_152' title='bbox 280 2004 377 2064; x_wconf 87' lang='lat' dir='ltr'><strong>movit</strong></span> <span class='ocrx_word' id='word_1_153' title='bbox 391 2025 431 2064; x_wconf 84' lang='lat' dir='ltr'><strong>ex</strong></span> <span class='ocrx_word' id='word_1_154' title='bbox 445 2004 528 2063; x_wconf 90' lang='lat' dir='ltr'><strong>urbe.</strong></span> <span class='ocrx_word' id='word_1_155' title='bbox 575 2003 661 2073; x_wconf 77' lang='lat' dir='ltr'><strong>Quae</strong></span> <span class='ocrx_word' id='word_1_156' title='bbox 682 2002 786 2062; x_wconf 89' lang='lat' dir='ltr'><strong>amicis</strong></span> <span class='ocrx_word' id='word_1_157' title='bbox 808 2003 870 2062; x_wconf 92' lang='lat' dir='ltr'><strong>suis</strong></span> <span class='ocrx_word' id='word_1_158' title='bbox 892 2023 967 2084; x_wconf 93' lang='lat' dir='ltr'><strong>opus</strong></span> <span class='ocrx_word' id='word_1_159' title='bbox 983 2004 1045 2064; x_wconf 88' lang='lat' dir='ltr'><strong>fue-</strong></span> 
     </span>
     <span class='ocr_line' id='line_1_21' title="bbox 21 2085 1112 2169; baseline 0 -18"><span class='ocrx_word' id='word_1_160' title='bbox 21 2132 24 2139; x_wconf 88' lang='lat'>·</span> <span class='ocrx_word' id='word_1_161' title='bbox 62 2097 138 2152; x_wconf 90' lang='lat' dir='ltr'><strong>rant</strong></span> <span class='ocrx_word' id='word_1_162' title='bbox 152 2090 191 2151; x_wconf 88' lang='lat' dir='ltr'><strong>ad</strong></span> <span class='ocrx_word' id='word_1_163' title='bbox 206 2089 385 2169; x_wconf 91' lang='lat' dir='ltr'><strong>Pompeium</strong></span> <span class='ocrx_word' id='word_1_164' title='bbox 399 2089 666 2169; x_wconf 90' lang='lat' dir='ltr'><strong>proficiscentibus,</strong></span> <span class='ocrx_word' id='word_1_165' title='bbox 685 2087 785 2148; x_wconf 89' lang='lat' dir='ltr'><strong>omnia</strong></span> <span class='ocrx_word' id='word_1_166' title='bbox 800 2109 841 2147; x_wconf 84' lang='lat' dir='ltr'><strong>ex</strong></span> <span class='ocrx_word' id='word_1_167' title='bbox 852 2108 949 2165; x_wconf 73' lang='lat' dir='ltr'><strong>suane</strong></span> <span class='ocrx_word' id='word_1_168' title='bbox 960 2090 1046 2150; x_wconf 86' lang='lat' dir='ltr'><strong>fami·</strong></span> <span class='ocrx_word' id='word_1_169' title='bbox 1069 2085 1112 2151; x_wconf 82' lang='lat'><strong>20</strong></span> 
     </span>
     <span class='ocr_line' id='line_1_22' title="bbox 62 2173 1046 2255; baseline -0.001 -18"><span class='ocrx_word' id='word_1_170' title='bbox 62 2176 243 2240; x_wconf 79' lang='lat' dir='ltr'><strong>liari&#39;dedit.</strong></span> <span class='ocrx_word' id='word_1_171' title='bbox 286 2175 402 2255; x_wconf 68' lang='lat' dir='ltr'><strong>Ipsum*</strong></span> <span class='ocrx_word' id='word_1_172' title='bbox 414 2174 591 2255; x_wconf 88' lang='lat' dir='ltr'><strong>Pompeium</strong></span> <span class='ocrx_word' id='word_1_173' title='bbox 613 2173 805 2235; x_wconf 87' lang='lat' dir='ltr'><strong>coniunctum</strong></span> <span class='ocrx_word' id='word_1_174' title='bbox 826 2193 886 2233; x_wconf 93' lang='lat' dir='ltr'><strong>non</strong></span> <span class='ocrx_word' id='word_1_175' title='bbox 909 2175 1046 2238; x_wconf 87' lang='lat' dir='ltr'><strong>offendit:</strong></span> 
     </span>
     <span class='ocr_line' id='line_1_23' title="bbox 62 2259 1046 2340; baseline -0.002 -17"><span class='ocrx_word' id='word_1_176' title='bbox 62 2263 186 2323; x_wconf 90' lang='lat' dir='ltr'><strong>nullum</strong></span> <span class='ocrx_word' id='word_1_177' title='bbox 201 2261 238 2322; x_wconf 90' lang='lat' dir='ltr'><strong>ab</strong></span> <span class='ocrx_word' id='word_1_178' title='bbox 254 2280 289 2320; x_wconf 92' lang='lat' dir='ltr'><strong>eo</strong></span> <span class='ocrx_word' id='word_1_179' title='bbox 300 2262 431 2321; x_wconf 89' lang='lat' dir='ltr'><strong>habebat</strong></span> <span class='ocrx_word' id='word_1_180' title='bbox 442 2265 659 2334; x_wconf 86' lang='lat' dir='ltr'><strong>ornamentum,</strong></span> <span class='ocrx_word' id='word_1_181' title='bbox 675 2265 710 2318; x_wconf 98' lang='lat' dir='ltr'><strong>ut</strong></span> <span class='ocrx_word' id='word_1_182' title='bbox 725 2259 825 2332; x_wconf 90' lang='lat' dir='ltr'><strong>ceteri,</strong></span> <span class='ocrx_word' id='word_1_183' title='bbox 841 2260 892 2338; x_wconf 90' lang='lat' dir='ltr'><strong>qui</strong></span> <span class='ocrx_word' id='word_1_184' title='bbox 907 2280 961 2340; x_wconf 91' lang='lat' dir='ltr'><strong>per</strong></span> <span class='ocrx_word' id='word_1_185' title='bbox 976 2281 1046 2321; x_wconf 89' lang='lat' dir='ltr'><strong>eum</strong></span> 
     </span>
     <span class='ocr_line' id='line_1_24' title="bbox 64 2345 1045 2426; baseline -0.004 -16"><span class='ocrx_word' id='word_1_186' title='bbox 64 2353 119 2410; x_wconf 86' lang='lat' dir='ltr'><strong>aut</strong></span> <span class='ocrx_word' id='word_1_187' title='bbox 135 2349 263 2408; x_wconf 86' lang='lat' dir='ltr'><strong>honores</strong></span> <span class='ocrx_word' id='word_1_188' title='bbox 278 2350 331 2406; x_wconf 92' lang='lat' dir='ltr'><strong>aut</strong></span> <span class='ocrx_word' id='word_1_189' title='bbox 346 2347 469 2406; x_wconf 84' lang='lat' dir='ltr'><strong>divitias</strong></span> <span class='ocrx_word' id='word_1_190' title='bbox 484 2350 634 2426; x_wconf 86' lang='lat' dir='ltr'><strong>ceperant.</strong></span> <span class='ocrx_word' id='word_1_191' title='bbox 659 2345 795 2415; x_wconf 77' lang='lat' dir='ltr'><strong>Quorum</strong></span> <span class='ocrx_word' id='word_1_192' title='bbox 807 2346 917 2424; x_wconf 86' lang='lat' dir='ltr'><strong>partim</strong></span> <span class='ocrx_word' id='word_1_193' title='bbox 929 2346 1045 2406; x_wconf 81' lang='lat' dir='ltr'><strong>inritis-</strong></span> 
     </span>
     <span class='ocr_line' id='line_1_25' title="bbox 65 2431 1046 2512; baseline -0.003 -17"><span class='ocrx_word' id='word_1_194' title='bbox 65 2433 139 2495; x_wconf 88' lang='lat' dir='ltr'><strong>simi</strong></span> <span class='ocrx_word' id='word_1_195' title='bbox 161 2437 261 2493; x_wconf 89' lang='lat' dir='ltr'><strong>castra</strong></span> <span class='ocrx_word' id='word_1_196' title='bbox 284 2435 354 2492; x_wconf 88' lang='lat' dir='ltr'><strong>suut</strong></span> <span class='ocrx_word' id='word_1_197' title='bbox 375 2433 485 2506; x_wconf 88' lang='lat' dir='ltr'><strong>secuti,</strong></span> <span class='ocrx_word' id='word_1_198' title='bbox 508 2431 620 2512; x_wconf 88' lang='lat' dir='ltr'><strong>partim</strong></span> <span class='ocrx_word' id='word_1_199' title='bbox 641 2450 759 2492; x_wconf 90' lang='lat' dir='ltr'><strong>summa</strong></span> <span class='ocrx_word' id='word_1_200' title='bbox 784 2450 852 2490; x_wconf 87' lang='lat' dir='ltr'><strong>cum</strong></span> <span class='ocrx_word' id='word_1_201' title='bbox 875 2432 940 2492; x_wconf 89' lang='lat' dir='ltr'><strong>eius</strong></span> <span class='ocrx_word' id='word_1_202' title='bbox 956 2431 1046 2492; x_wconf 90' lang='lat' dir='ltr'><strong>offen-</strong></span> 
     </span>
     <span class='ocr_line' id='line_1_26' title="bbox 66 2513 1113 2597; baseline -0.005 -17"><span class='ocrx_word' id='word_1_203' title='bbox 66 2522 153 2582; x_wconf 92' lang='lat' dir='ltr'><strong>sione</strong></span> <span class='ocrx_word' id='word_1_204' title='bbox 175 2519 256 2578; x_wconf 89' lang='lat' dir='ltr'><strong>domi</strong></span> <span class='ocrx_word' id='word_1_205' title='bbox 276 2521 494 2579; x_wconf 85' lang='lat' dir='ltr'><strong>remanserunt.</strong></span> <span class='ocrx_word' id='word_1_206' title='bbox 540 2517 635 2578; x_wconf 82' lang='lat' dir='ltr'><strong>Attici</strong></span> <span class='ocrx_word' id='word_1_207' title='bbox 658 2522 759 2577; x_wconf 91' lang='lat' dir='ltr'><strong>autem</strong></span> <span class='ocrx_word' id='word_1_208' title='bbox 782 2517 866 2595; x_wconf 88' lang='lat' dir='ltr'><strong>quies</strong></span> <span class='ocrx_word' id='word_1_209' title='bbox 890 2521 1048 2597; x_wconf 89' lang='lat' dir='ltr'><strong>tantopere</strong></span> <span class='ocrx_word' id='word_1_210' title='bbox 1070 2513 1113 2576; x_wconf 79' lang='lat'><strong>25</strong></span> 
     </span>
     <span class='ocr_line' id='line_1_27' title="bbox 69 2603 1140 2687; baseline -0.003 -21"><span class='ocrx_word' id='word_1_211' title='bbox 69 2604 194 2666; x_wconf 85' lang='lat' dir='ltr'><strong>Caesari</strong></span> <span class='ocrx_word' id='word_1_212' title='bbox 217 2604 275 2663; x_wconf 87' lang='lat' dir='ltr'><strong>fuit</strong></span> <span class='ocrx_word' id='word_1_213' title='bbox 296 2608 397 2682; x_wconf 78' lang='lat' dir='ltr'><strong>grata,</strong></span> <span class='ocrx_word' id='word_1_214' title='bbox 421 2607 454 2664; x_wconf 89' lang='lat' dir='ltr'><strong>ut</strong></span> <span class='ocrx_word' id='word_1_215' title='bbox 474 2605 587 2677; x_wconf 85' lang='lat' dir='ltr'><strong>victor,</strong></span> <span class='ocrx_word' id='word_1_216' title='bbox 610 2623 678 2663; x_wconf 90' lang='lat' dir='ltr'><strong>cum</strong></span> <span class='ocrx_word' id='word_1_217' title='bbox 693 2603 820 2682; x_wconf 85' lang='lat' dir='ltr'><strong>privatis</strong></span> <span class='ocrx_word' id='word_1_218' title='bbox 836 2605 978 2680; x_wconf 90' lang='lat' dir='ltr'><strong>pecunias</strong></span> <span class='ocrx_word' id='word_1_219' title='bbox 994 2623 1049 2682; x_wconf 93' lang='lat' dir='ltr'><strong>per</strong></span> <span class='ocrx_word' id='word_1_220' title='bbox 1136 2680 1140 2687; x_wconf 20' lang='grc' dir='ltr'><strong><em>ι</em></strong></span> 
     </span>
     <span class='ocr_line' id='line_1_28' title="bbox 67 2688 1047 2772; baseline -0.003 -21.189"><span class='ocrx_word' id='word_1_221' title='bbox 67 2690 215 2772; x_wconf 90' lang='lat' dir='ltr'><strong>epistolas</strong></span> <span class='ocrx_word' id='word_1_222' title='bbox 230 2689 407 2768; x_wconf 89' lang='lat' dir='ltr'><strong>imperaret,</strong></span> <span class='ocrx_word' id='word_1_223' title='bbox 427 2689 498 2748; x_wconf 93' lang='lat' dir='ltr'><strong>huic</strong></span> <span class='ocrx_word' id='word_1_224' title='bbox 512 2708 572 2748; x_wconf 90' lang='lat' dir='ltr'><strong>non</strong></span> <span class='ocrx_word' id='word_1_225' title='bbox 588 2690 686 2747; x_wconf 89' lang='lat' dir='ltr'><strong>solum</strong></span> <span class='ocrx_word' id='word_1_226' title='bbox 705 2688 851 2747; x_wconf 89' lang='lat' dir='ltr'><strong>molestus</strong></span> <span class='ocrx_word' id='word_1_227' title='bbox 873 2689 1047 2764; x_wconf 78' lang='grc'><strong>1011111111,</strong></span> 
     </span>
     <span class='ocr_line' id='line_1_29' title="bbox 1 2769 1048 2852; baseline -0.004 -16"><span class='ocrx_word' id='word_1_228' title='bbox 1 2803 2 2818; x_wconf 70' lang='lat'>2</span> <span class='ocrx_word' id='word_1_229' title='bbox 70 2776 128 2836; x_wconf 87' lang='lat' dir='ltr'><strong>sed</strong></span> <span class='ocrx_word' id='word_1_230' title='bbox 148 2775 239 2834; x_wconf 87' lang='lat' dir='ltr'><strong>etiam</strong></span> <span class='ocrx_word' id='word_1_231' title='bbox 261 2775 372 2834; x_wconf 87' lang='lat' dir='ltr'><strong>sororis</strong></span> <span class='ocrx_word' id='word_1_232' title='bbox 393 2773 490 2834; x_wconf 88' lang='lat' dir='ltr'><strong>filium</strong></span> <span class='ocrx_word' id='word_1_233' title='bbox 514 2776 544 2831; x_wconf 91' lang='lat' dir='ltr'><strong>et</strong></span> <span class='ocrx_word' id='word_1_234' title='bbox 558 2771 595 2840; x_wconf 77' lang='lat' dir='ltr'><strong>Q.</strong></span> <span class='ocrx_word' id='word_1_235' title='bbox 614 2769 788 2832; x_wconf 81' lang='lat' dir='ltr'><strong>Ciceronem</strong></span> <span class='ocrx_word' id='word_1_236' title='bbox 804 2792 843 2831; x_wconf 84' lang='lat' dir='ltr'><strong>ex</strong></span> <span class='ocrx_word' id='word_1_237' title='bbox 858 2772 985 2852; x_wconf 87' lang='lat' dir='ltr'><strong>Pompei</strong></span> <span class='ocrx_word' id='word_1_238' title='bbox 1001 2793 1048 2832; x_wconf 86' lang='lat' dir='ltr'><strong>oa-</strong></span> 
     </span>
     <span class='ocr_line' id='line_1_30' title="bbox 69 2856 1050 2936; baseline -0.004 -14"><span class='ocrx_word' id='word_1_239' title='bbox 69 2862 143 2922; x_wconf 88' lang='lat' dir='ltr'><strong>stris</strong></span> <span class='ocrx_word' id='word_1_240' title='bbox 159 2859 347 2920; x_wconf 88' lang='lat' dir='ltr'><strong>concesserit.</strong></span> <span class='ocrx_word' id='word_1_241' title='bbox 393 2857 444 2918; x_wconf 79' lang='lat' dir='ltr'><strong>Sic</strong></span> <span class='ocrx_word' id='word_1_242' title='bbox 463 2860 568 2917; x_wconf 87' lang='lat' dir='ltr'><strong>vetere</strong></span> <span class='ocrx_word' id='word_1_243' title='bbox 587 2857 725 2917; x_wconf 89' lang='lat' dir='ltr'><strong>instituto</strong></span> <span class='ocrx_word' id='word_1_244' title='bbox 747 2857 828 2917; x_wconf 89' lang='grc'><strong>11111</strong></span> <span class='ocrx_word' id='word_1_245' title='bbox 849 2856 955 2936; x_wconf 83' lang='lat' dir='ltr'><strong>effugit</strong></span> <span class='ocrx_word' id='word_1_246' title='bbox 970 2878 1050 2920; x_wconf 85' lang='lat' dir='ltr'><strong>nova</strong></span> 
     </span>
     <span class='ocr_line' id='line_1_31' title="bbox 72 2939 1114 3028; baseline -0.002 -22"><span class='ocrx_word' id='word_1_247' title='bbox 72 2946 217 3028; x_wconf 85' lang='lat' dir='ltr'><strong>pericula.</strong></span> <span class='ocrx_word' id='word_1_248' title='bbox 1072 2939 1114 3004; x_wconf 89' lang='lat'><strong>30</strong></span> 
     </span>
    </p>

    <p class='ocr_par' dir='ltr' id='par_1_4' title="bbox 1 3025 1137 3709">
     <span class='ocr_line' id='line_1_32' title="bbox 159 3025 1137 3109; baseline -0.002 -18"><span class='ocrx_word' id='word_1_249' title='bbox 159 3029 302 3091; x_wconf 81' lang='lat' dir='ltr'><strong>Secutum</strong></span> <span class='ocrx_word' id='word_1_250' title='bbox 323 3030 370 3088; x_wconf 93' lang='lat' dir='ltr'><strong>est</strong></span> <span class='ocrx_word' id='word_1_251' title='bbox 391 3027 468 3088; x_wconf 92' lang='lat' dir='ltr'><strong>illud</strong></span> <span class='ocrx_word' id='word_1_252' title='bbox 489 3028 586 3088; x_wconf 89' lang='lat' dir='ltr'><strong>occiso</strong></span> <span class='ocrx_word' id='word_1_253' title='bbox 603 3025 745 3102; x_wconf 87' lang='lat' dir='ltr'><strong>Caesare,</strong></span> <span class='ocrx_word' id='word_1_254' title='bbox 768 3046 836 3086; x_wconf 92' lang='lat' dir='ltr'><strong>cum</strong></span> <span class='ocrx_word' id='word_1_255' title='bbox 856 3047 904 3088; x_wconf 88' lang='grc'><strong>111</strong></span> <span class='ocrx_word' id='word_1_256' title='bbox 926 3027 1137 3109; x_wconf 87' lang='lat' dir='ltr'><strong>publicaVIH</strong></span> 
     </span>
     <span class='ocr_line' id='line_1_33' title="bbox 1 3111 1050 3197; baseline 0.001 -22"><span class='ocrx_word' id='word_1_257' title='bbox 1 3170 3 3175; x_wconf 80' lang='grc'>,</span> <span class='ocrx_word' id='word_1_258' title='bbox 71 3136 166 3197; x_wconf 87' lang='lat' dir='ltr'><strong>penes</strong></span> <span class='ocrx_word' id='word_1_259' title='bbox 181 3115 292 3190; x_wconf 86' lang='lat' dir='ltr'><strong>Brutos</strong></span> <span class='ocrx_word' id='word_1_260' title='bbox 306 3115 463 3174; x_wconf 85' lang='lat' dir='ltr'><strong>videretur</strong></span> <span class='ocrx_word' id='word_1_261' title='bbox 478 3133 544 3174; x_wconf 90' lang='lat' dir='ltr'><strong>esse</strong></span> <span class='ocrx_word' id='word_1_262' title='bbox 560 3117 590 3174; x_wconf 89' lang='lat' dir='ltr'><strong>et</strong></span> <span class='ocrx_word' id='word_1_263' title='bbox 606 3111 745 3173; x_wconf 87' lang='lat' dir='ltr'><strong>Cassium</strong></span> <span class='ocrx_word' id='word_1_264' title='bbox 765 3133 799 3172; x_wconf 92' lang='lat' dir='ltr'><strong>ac</strong></span> <span class='ocrx_word' id='word_1_265' title='bbox 815 3116 878 3174; x_wconf 92' lang='grc'><strong>1011</strong></span> <span class='ocrx_word' id='word_1_266' title='bbox 893 3115 1001 3175; x_wconf 85' lang='grc'><strong>1111111</strong></span> <span class='ocrx_word' id='word_1_267' title='bbox 1016 3136 1050 3176; x_wconf 87' lang='grc'><strong>11</strong></span> 
     </span>
     <span class='ocr_line' id='line_1_34' title="bbox 72 3197 1051 3276; baseline 0.001 -16"><span class='ocrx_word' id='word_1_268' title='bbox 72 3201 114 3260; x_wconf 90' lang='lat' dir='ltr'><strong>ad</strong></span> <span class='ocrx_word' id='word_1_269' title='bbox 130 3220 180 3261; x_wconf 91' lang='lat' dir='ltr'><strong>eos</strong></span> <span class='ocrx_word' id='word_1_270' title='bbox 196 3201 381 3262; x_wconf 83' lang='lat' dir='ltr'><strong>convertisse</strong></span> <span class='ocrx_word' id='word_1_271' title='bbox 396 3200 560 3260; x_wconf 87' lang='lat' dir='ltr'><strong>videretur.</strong></span> <span class='ocrx_word' id='word_1_272' title='bbox 606 3198 656 3260; x_wconf 79' lang='lat' dir='ltr'><strong>Sic</strong></span> <span class='ocrx_word' id='word_1_273' title='bbox 670 3199 710 3259; x_wconf 88' lang='lat' dir='ltr'><strong>M.</strong></span> <span class='ocrx_word' id='word_1_274' title='bbox 728 3197 823 3260; x_wconf 87' lang='lat' dir='ltr'><strong>Bruto</strong></span> <span class='ocrx_word' id='word_1_275' title='bbox 838 3220 910 3260; x_wconf 86' lang='lat' dir='ltr'><strong>usus</strong></span> <span class='ocrx_word' id='word_1_276' title='bbox 926 3205 1000 3276; x_wconf 88' lang='lat' dir='ltr'><strong>erat,</strong></span> <span class='ocrx_word' id='word_1_277' title='bbox 1015 3205 1051 3261; x_wconf 91' lang='lat' dir='ltr'><strong>ut</strong></span> 
     </span>
     <span class='ocr_line' id='line_1_35' title="bbox 74 3283 1050 3368; baseline 0.003 -25"><span class='ocrx_word' id='word_1_278' title='bbox 74 3283 159 3345; x_wconf 92' lang='lat' dir='ltr'><strong>nullo</strong></span> <span class='ocrx_word' id='word_1_279' title='bbox 179 3286 233 3346; x_wconf 91' lang='grc'><strong>1111</strong></span> <span class='ocrx_word' id='word_1_280' title='bbox 253 3285 429 3346; x_wconf 83' lang='lat' dir='ltr'><strong>adolescens</strong></span> <span class='ocrx_word' id='word_1_281' title='bbox 450 3286 569 3365; x_wconf 90' lang='lat' dir='ltr'><strong>aequali</strong></span> <span class='ocrx_word' id='word_1_282' title='bbox 590 3285 769 3345; x_wconf 85' lang='lat' dir='ltr'><strong>familiarius</strong></span> <span class='ocrx_word' id='word_1_283' title='bbox 791 3304 881 3364; x_wconf 89' lang='lat' dir='ltr'><strong>quam</strong></span> <span class='ocrx_word' id='word_1_284' title='bbox 903 3287 1050 3368; x_wconf 64' lang='lat' dir='ltr'><strong>hoqaesene</strong></span> 
     </span>
     <span class='ocr_line' id='line_1_36' title="bbox 74 3365 1133 3450; baseline 0 -21"><span class='ocrx_word' id='word_1_285' title='bbox 74 3387 173 3447; x_wconf 91' lang='lat' dir='ltr'><strong>neque</strong></span> <span class='ocrx_word' id='word_1_286' title='bbox 187 3372 285 3431; x_wconf 89' lang='lat' dir='ltr'><strong>solum</strong></span> <span class='ocrx_word' id='word_1_287' title='bbox 300 3391 368 3430; x_wconf 89' lang='lat' dir='ltr'><strong>eum</strong></span> <span class='ocrx_word' id='word_1_288' title='bbox 383 3371 549 3450; x_wconf 87' lang='lat' dir='ltr'><strong>principem</strong></span> <span class='ocrx_word' id='word_1_289' title='bbox 564 3370 681 3432; x_wconf 88' lang='lat' dir='ltr'><strong>consilii</strong></span> <span class='ocrx_word' id='word_1_290' title='bbox 695 3371 827 3445; x_wconf 88' lang='lat' dir='ltr'><strong>haberet,</strong></span> <span class='ocrx_word' id='word_1_291' title='bbox 844 3371 1003 3431; x_wconf 85' lang='lat' dir='ltr'><strong>sedetiam</strong></span> <span class='ocrx_word' id='word_1_292' title='bbox 1018 3373 1050 3432; x_wconf 88' lang='lat' dir='ltr'><strong>in</strong></span> <span class='ocrx_word' id='word_1_293' title='bbox 1072 3365 1115 3429; x_wconf 86' lang='lat'><strong>35</strong></span> <span class='ocrx_word' id='word_1_294' title='bbox 1130 3411 1133 3420; x_wconf 86' lang='lat'><em>·</em></span> 
     </span>
     <span class='ocr_line' id='line_1_37' title="bbox 75 3454 1050 3535; baseline 0.005 -22"><span class='ocrx_word' id='word_1_295' title='bbox 75 3454 225 3515; x_wconf 80' lang='lat' dir='ltr'><strong>convictu.</strong></span> <span class='ocrx_word' id='word_1_296' title='bbox 249 3455 466 3534; x_wconf 84' lang='lat' dir='ltr'><strong>Excogitatum</strong></span> <span class='ocrx_word' id='word_1_297' title='bbox 482 3458 528 3517; x_wconf 90' lang='lat' dir='ltr'><strong>est</strong></span> <span class='ocrx_word' id='word_1_298' title='bbox 539 3475 557 3516; x_wconf 90' lang='lat' dir='ltr'><strong>a</strong></span> <span class='ocrx_word' id='word_1_299' title='bbox 569 3456 747 3535; x_wconf 90' lang='lat' dir='ltr'><strong>quibusdam</strong></span> <span class='ocrx_word' id='word_1_300' title='bbox 758 3459 792 3516; x_wconf 95' lang='lat' dir='ltr'><strong>ut</strong></span> <span class='ocrx_word' id='word_1_301' title='bbox 802 3457 956 3535; x_wconf 83' lang='lat' dir='ltr'><strong>privatum</strong></span> <span class='ocrx_word' id='word_1_302' title='bbox 967 3477 1050 3518; x_wconf 88' lang='lat' dir='ltr'><strong>aera-</strong></span> 
     </span>
     <span class='ocr_line' id='line_1_38' title="bbox 77 3536 1050 3621; baseline 0.003 -21"><span class='ocrx_word' id='word_1_303' title='bbox 77 3541 156 3600; x_wconf 89' lang='lat' dir='ltr'><strong>rium</strong></span> <span class='ocrx_word' id='word_1_304' title='bbox 173 3536 311 3602; x_wconf 88' lang='lat' dir='ltr'><strong>Caesaris</strong></span> <span class='ocrx_word' id='word_1_305' title='bbox 333 3541 576 3603; x_wconf 87' lang='lat' dir='ltr'><strong>interfectoribus</strong></span> <span class='ocrx_word' id='word_1_306' title='bbox 599 3544 637 3602; x_wconf 91' lang='lat' dir='ltr'><strong>ab</strong></span> <span class='ocrx_word' id='word_1_307' title='bbox 659 3541 809 3621; x_wconf 89' lang='lat' dir='ltr'><strong>equitibus</strong></span> <span class='ocrx_word' id='word_1_308' title='bbox 823 3541 967 3603; x_wconf 86' lang='lat' dir='ltr'><strong>Romanis</strong></span> <span class='ocrx_word' id='word_1_309' title='bbox 982 3562 1050 3604; x_wconf 90' lang='lat' dir='ltr'><strong>con-</strong></span> 
     </span>
     <span class='ocr_line' id='line_1_39' title="bbox 78 3627 1051 3709; baseline 0.004 -24"><span class='ocrx_word' id='word_1_310' title='bbox 78 3627 264 3687; x_wconf 87' lang='lat' dir='ltr'><strong>stitueretur.</strong></span> <span class='ocrx_word' id='word_1_311' title='bbox 309 3627 347 3688; x_wconf 90' lang='lat' dir='ltr'><strong>Id</strong></span> <span class='ocrx_word' id='word_1_312' title='bbox 362 3627 452 3688; x_wconf 87' lang='lat' dir='ltr'><strong>facile</strong></span> <span class='ocrx_word' id='word_1_313' title='bbox 466 3627 545 3688; x_wconf 77' lang='lat' dir='ltr'><strong>effici</strong></span> <span class='ocrx_word' id='word_1_314' title='bbox 557 3648 647 3708; x_wconf 89' lang='lat' dir='ltr'><strong>posse</strong></span> <span class='ocrx_word' id='word_1_315' title='bbox 662 3627 798 3690; x_wconf 87' lang='lat' dir='ltr'><strong>arbitrati</strong></span> <span class='ocrx_word' id='word_1_316' title='bbox 814 3630 898 3703; x_wconf 87' lang='lat' dir='ltr'><strong>sunt,</strong></span> <span class='ocrx_word' id='word_1_317' title='bbox 922 3629 948 3689; x_wconf 94' lang='lat' dir='ltr'><strong>si</strong></span> <span class='ocrx_word' id='word_1_318' title='bbox 969 3629 1051 3709; x_wconf 90' lang='lat' dir='ltr'><strong>prin-</strong></span> 
     </span>
    </p>
   </div>
   <div class='ocr_carea' id='block_1_3' title="bbox 130 3737 896 3794">
    <p class='ocr_par' dir='ltr' id='par_1_5' title="bbox 130 3737 896 3794">
     <span class='ocr_line' id='line_1_40' title="bbox 130 3737 896 3794; baseline -0.004 -10"><span class='ocrx_word' id='word_1_319' title='bbox 130 3743 230 3785; x_wconf 73' lang='lat' dir='ltr'><strong>cossurus</strong></span> <span class='ocrx_word' id='word_1_320' title='bbox 244 3746 317 3794; x_wconf 74' lang='lat' dir='ltr'><strong>Nepos.</strong></span> <span class='ocrx_word' id='word_1_321' title='bbox 882 3737 896 3781; x_wconf 85' lang='lat'><strong>9</strong></span> 
     </span>
    </p>
   </div>
   <div class='ocr_carea' id='block_1_4' title="bbox 0 0 1385 4482">
    <p class='ocr_par' dir='ltr' id='par_1_6' title="bbox 0 0 1385 4482">
     <span class='ocr_line' id='line_1_41' title="bbox 0 0 1385 4482; baseline 0 0"><span class='ocrx_word' id='word_1_322' title='bbox 0 0 1385 4482; x_wconf 95' lang='lat' dir='ltr'><strong> </strong></span> 
     </span>
    </p>
   </div>
  </div>
 </body>
</html>
