2720 4482
297 357 339 423 84
608 359 680 421 XV.
704 355 954 420 TIMOTHEUS.

296 533 420 611 propter
441 529 575 610 inopiam
595 531 799 593 subsidiorum
822 533 943 609 tempus
965 528 1010 588 rei
1031 529 1109 589 bene
1123 531 1290 610 gerendae

297 616 458 690 omisisset,
474 616 512 677 ab
526 616 654 697 imperio
669 619 804 679 remotus
818 615 895 676 etin
909 614 1056 674 iudicium
1075 619 1202 676 vocatus
1225 623 1289 676 est.
1350 619 1351 628 ’

297 701 368 771 Qua
382 702 414 762 in
428 721 462 763 re
483 721 573 782 quam
594 720 682 764 carus
704 702 768 762 suis
790 707 884 774 esset,
911 700 1059 780 apparuit.
1103 699 1182 762 Nam
1211 720 1290 762 cum
1350 749 1351 772 ,

299 805 422 850 oausam
442 787 571 864 diceret,
593 807 653 850 non
673 788 771 849 solum
787 787 876 847 amici
897 784 1069 865 privatique
1089 786 1228 867 hospites
1247 788 1290 848 ad
1348 779 1351 844 l

255 869 277 934 5
300 893 369 934 eum
392 873 615 935 defendendum
637 877 856 946 convenerunt,
882 872 938 932 sed
960 873 1052 932 etiam
1071 870 1104 932 in
1119 872 1164 932 eis
1178 873 1289 946 Iason,

299 963 447 1040 tyrannus
463 958 647 1034 Thessaliae,
664 959 716 1038 qui
731 959 785 1019 illo
800 963 936 1036 tempore
951 957 1086 1018 omnium
1101 957 1160 1018 fuit
1174 965 1290 1038 poten-

298 1045 443 1106 tissimus.
486 1044 518 1104 Is
534 1064 602 1104 cum
618 1045 649 1105 in
664 1044 763 1124 patria
778 1045 843 1105 sine
858 1043 1042 1103 satellitibus
1057 1062 1091 1102 se
1105 1047 1206 1104 tutum
1223 1065 1291 1106 non

299 1130 511 1205 arbitraretur,
534 1129 671 1191 Athenas
693 1132 759 1191 sine
780 1129 843 1190 ullo
865 1128 1015 1209 praesidio
1038 1129 1123 1188 venit
1143 1130 1291 1209 tantique
1351 1127 1352 1132 ’

300 1216 452 1296 hospitem
474 1215 555 1291 fecit,
580 1221 615 1276 ut
638 1216 744 1277 mallet
759 1216 866 1294 capitis
880 1215 1048 1295 periculum
1064 1215 1164 1289 adire,
1188 1235 1290 1294 quam

238 1297 280 1362 10
302 1301 459 1362 Timotheo
474 1303 527 1372 ,de
557 1302 638 1363 fama
666 1301 822 1363 dimicanti
852 1301 966 1360 deesse.
1026 1299 1128 1378 Atque
1158 1302 1286 1362 omnino

299 1391 425 1469 propter
435 1388 624 1448 moderatam
635 1388 863 1467 sapientemque
873 1387 978 1459 vitam,
994 1385 1079 1446 cuius
1091 1386 1137 1446 rei
1148 1387 1288 1466 plurima

300 1491 460 1553 possumus
474 1474 611 1553 proferre
623 1474 801 1547 testimonia,
817 1472 954 1533 omnibus
966 1472 1109 1550 probatus
1124 1477 1289 1551 acceptus-

300 1576 358 1636 que
374 1560 447 1617 erat.
492 1557 610 1619 Iudicio
631 1558 787 1620 absolutus
802 1557 834 1617 in
848 1556 960 1617 Persas
982 1557 1135 1631 discessit,
1157 1577 1238 1637 quos
1253 1559 1287 1618 in
1352 1599 1353 1618 r

301 1642 445 1722 Aegypto
460 1644 668 1723 recuperanda
683 1643 848 1704 adiuvaret.
872 1643 949 1703 Inde
964 1661 1105 1702 reversus
1116 1661 1186 1702 cum
1197 1643 1286 1723 lphi-
1352 1691 1353 1696 .

238 1722 280 1788 15
302 1734 397 1804 crate,
425 1747 523 1807 aquo
546 1729 577 1789 in
600 1729 755 1808 republica
776 1727 1016 1790 administranda
1041 1727 1223 1804 dissidebat,
1253 1731 1285 1789 in

301 1813 433 1893 gratiam
458 1815 548 1875 rediit
577 1814 702 1895 eiusque
726 1814 788 1876 filio
814 1813 991 1875 Menestheo
1017 1812 1112 1873 liliam
1138 1833 1226 1875 suam
1254 1816 1286 1874 in

304 1899 530 1961 matrimonium
546 1901 636 1961 dedit.

207 1981 282 2064 ιΙΙΙ
389 1985 501 2048 Postea
521 1986 612 2047 simul
634 2005 702 2046 cum
724 1985 869 2068 Agesilao
892 1983 1103 2058 Ariobarzani,
1128 1985 1284 2064 praelecto
1353 1975 1354 1990 ¹

301 2071 467 2151 Phrygiae,
484 2073 598 2134 auxilio
610 2073 763 2152 profectus
778 2075 837 2152 est;
853 2089 940 2149 aquo
950 2089 1019 2131 oum
1029 2070 1109 2132 Laco
1121 2070 1282 2151 pecuniam

238 2149 281 2216 20
302 2163 492 2219 numeratam
507 2159 687 2239 accepisset,
709 2159 761 2218 ille
778 2159 861 2218 cives
876 2175 946 2216 suos
961 2175 1036 2234 agro
1051 2161 1142 2236 atque
1156 2157 1285 2217 urbibus

303 2245 411 2322 augeri
424 2245 540 2305 maluit.
585 2243 664 2304 Nam
680 2261 749 2303 cum
764 2243 898 2303 audisset
911 2242 1148 2303 Ariobarzanem
1169 2261 1188 2303 a
1209 2261 1285 2322 rege

304 2329 463 2404 defecisse,
500 2328 624 2389 Samum
654 2329 747 2408 cepit;
782 2329 814 2388 in
852 2345 911 2407 qua
945 2328 1045 2389 insula
1079 2330 1284 2408 oppugnanda

303 2413 452 2491 superiori
472 2414 552 2475 bello
567 2412 770 2474 Athenienses
790 2414 875 2491 mille
895 2418 926 2474 et
940 2413 1070 2474 ducenta
1084 2415 1202 2476 talenta
1218 2434 1284 2476 oon·
1354 2443 1355 2478 l

304 2501 510 2577 sumpserant,
535 2517 601 2559 eam
621 2498 675 2558 ille
695 2498 761 2559 sine
780 2498 845 2559 ulla
866 2500 986 2578 publica
1012 2500 1150 2580 impensa
1170 2502 1282 2580 populo

239 2573 282 2640 25
303 2583 445 2646 restituit.
503 2584 581 2645 Inde
609 2585 640 2645 in
670 2581 890 2646 Chersonesum
923 2584 1072 2664 navigans
1102 2583 1227 2646 Sestum
1255 2591 1285 2647 et

304 2666 462 2732 Crithoten
485 2670 579 2750 cepit,
603 2689 680 2750 quae
703 2674 767 2731 tum
783 2669 978 2732 Ariobazanis
993 2673 1066 2746 erat,
1083 2671 1200 2732 bellum
1217 2692 1284 2732 cum

303 2753 459 2837 Olynthiis
474 2757 578 2837 gessit,
594 2755 782 2832 Potidaeam,
799 2755 953 2830 Toronen,
969 2757 1045 2818 alias
1060 2757 1151 2817 urbes
1166 2777 1285 2839 expug-

303 2843 404 2920 navit,
427 2844 574 2905 adversus
596 2841 761 2923 Byzantios
781 2850 812 2904 et
834 2839 976 2922 Cotyem,
1001 2862 1106 2922 regem
1127 2842 1285 2918 Thraciae,

305 2929 471 3006 dimicavit,
486 2949 505 2991 a
519 2949 576 3011 quo
592 2930 677 2990 mille
692 2935 723 2990 et
737 2930 867 2990 ducenta
878 2929 991 2990 talenta
1002 2929 1133 3007 praedae
1144 2930 1178 2989 in
1189 2930 1286 3010 publi-

240 3003 283 3068 30
306 3033 374 3075 cum
388 3016 529 3077 retulisse
544 3015 662 3075 dicitur.

237 3091 284 3152 IV
390 3099 451 3160 Hic
475 3119 544 3160 cum
565 3103 646 3160 esset
668 3100 793 3178 grandis
808 3102 881 3160 natu
902 3103 933 3159 et
956 3098 1154 3179 magistratus
1180 3119 1289 3179 gerere

306 3183 444 3259 desisset,
469 3185 551 3246 bello
577 3182 779 3244 Athenienses
802 3185 934 3264 undique
960 3185 1057 3264 premi
1082 3190 1153 3245 sunt
1179 3187 1289 3266 ooepti,

306 3270 386 3348 quod
416 3270 526 3331 sociale
557 3269 675 3329 dicitur.
731 3270 914 3331 Defecerant
949 3269 1146 3350 Byzantium,
1184 3268 1288 3346 Chios,

306 3354 440 3429 Rhodos,
457 3352 529 3428 Cos;
545 3354 705 3435 Philippus
719 3356 781 3416 iam
796 3359 867 3417 tunc
881 3357 1002 3430 velena,
1027 3355 1168 3431 Macedo,
1190 3359 1290 3418 multa

242 3430 284 3494 35
306 3442 494 3505 moliebatur.
540 3440 621 3501 Huic
636 3441 716 3502 bello
737 3441 871 3520 gerendo
891 3443 1063 3522 praefectus
1086 3440 1202 3503 Chares
1219 3463 1289 3504 cum

273 3580 275 3584 .
307 3539 395 3600 esset,
411 3548 471 3589 non
487 3528 561 3590 satis
576 3528 719 3607 praesidii
733 3528 764 3588 in
779 3548 814 3589 eo
829 3529 998 3607 putabatur.
1023 3528 1074 3590 Fit
1089 3529 1290 3590 Menestheus

306 3617 437 3693 praetor,
453 3614 534 3675 filius
549 3613 720 3694 Iphicratis,
736 3634 830 3694 gener
845 3614 1001 3688 Timothei,
1024 3618 1055 3674 et
1069 3619 1103 3675 ut
1118 3614 1155 3674 ad
1171 3614 1292 3675 bellum

307 3699 548 3779 proficisceretur
563 3699 742 3762 decernitur.
784 3699 865 3762 Huic
881 3699 1014 3779 collegae
1030 3699 1139 3761 dantur
1154 3700 1216 3762 duo
1232 3721 1293 3762 usu
