2720 4482
284 373 328 439 80
582 372 677 436 xm.
700 368 965 437 IPHIORATES.

213 549 262 612 VI
369 545 457 608 Idem
478 543 528 606 vir
548 542 737 624 eloquentiae
761 540 869 603 studiis
890 540 1012 604 deditus
1027 542 1121 606 fnisse
1142 543 1174 603 et
1202 561 1284 602 eum

285 651 377 714 saepe
392 632 424 693 in
443 629 565 712 publioo
580 629 713 705 dixisse,
738 632 805 690 tum
820 627 902 690 domi
916 647 1144 708 nonnumquam
1169 628 1286 690 deela-

286 737 387 780 masse
408 717 527 780 dieitur.
572 715 649 777 Erat
671 718 773 776 autem
795 714 874 776 elato
900 714 1016 791 animo,
1043 715 1154 795 quique
1176 715 1222 774 de
1247 734 1287 775 se

285 803 439 866 interdum
450 800 702 883 magnificentius,
714 819 805 880 quam
816 799 999 879 vulgianres
1007 799 1140 862 libenter
1148 800 1289 878 ferrent,

242 888 486 971 epraedioaret
537 888 646 966 Itaque
671 905 741 947 oum
766 885 934 947 orationem
958 886 997 946 de
1022 888 1124 948 statua
1149 885 1213 946 sibi
1242 887 1289 947 ab

287 973 527 1036 Atheniensibus
553 972 653 1054 posita
677 972 825 1034 adversus
847 969 1050 1033 Harmodium
1076 971 1237 1050 quendam
1269 993 1290 1033 e

287 1060 402 1122 veteris
417 1059 501 1120 illius
516 1057 727 1139 tyrannicidae
747 1055 879 1139 posteris
904 1056 1043 1131 haberet,
1069 1057 1169 1119 multa
1194 1057 1292 1120 dixit

290 1147 329 1207 de
345 1164 378 1208 se
401 1144 535 1206 animose
557 1147 589 1206 et
614 1162 708 1224 prope
734 1144 922 1221 arroganter.
966 1140 1069 1222 Atque
1083 1161 1153 1204 oum
1167 1143 1292 1204 adver-

289 1231 388 1294 sarius
409 1229 531 1309 generis
553 1229 601 1290 sui
621 1228 814 1291 nobilitatem
828 1228 981 1289 extollens
995 1228 1042 1289 illi
1057 1228 1290 1290 obscuritatem
1354 1299 1355 1302 Ἴ

225 1317 268 1383 10
290 1319 322 1379 et
335 1314 561 1396 ignobilitatem
582 1315 751 1390 obiecisset,
772 1312 943 1394 respondit,
964 1317 999 1374 nt
1018 1314 1146 1394 quisque
1161 1314 1290 1376 virtute
1354 1319 1355 1414 l

291 1403 426 1464 manime
441 1405 620 1482 praestaret,
635 1402 679 1462 ita
693 1399 916 1462 nobilissimum
931 1418 1007 1460 esse.
1044 1399 1126 1461 Nam
1141 1419 1181 1460 ne
1195 1399 1287 1461 Har-
1354 1423 1355 1484 q

290 1488 427 1551 modium
442 1487 564 1567 quidem
587 1490 618 1547 et
632 1484 873 1565 Aristogitonem
898 1485 1015 1546 nobiles
1040 1485 1150 1560 fnisse,
1179 1485 1288 1565 prius-

290 1591 381 1652 quam
407 1572 557 1652 praeclari
582 1571 699 1651 aliquid
724 1572 876 1632 fecissent.
925 1568 964 1631 Se
989 1570 1139 1633 maiorem
1165 1570 1288 1632 habere

291 1658 503 1736 eognationem
519 1675 588 1717 oum
603 1655 650 1731 iis,
666 1675 757 1737 quam
772 1657 872 1737 ipsum
886 1655 984 1733 illum,
1000 1675 1130 1736 quooum
1153 1659 1286 1718 eonten-

227 1743 269 1807 15
291 1743 385 1818 deret,
402 1762 462 1822 quo
476 1761 531 1804 sua
545 1761 636 1822 quom
650 1742 733 1804 illius
745 1743 826 1804 faota
837 1742 962 1822 propius
974 1743 1014 1804 ad
1026 1760 1132 1803 eorum
1143 1742 1285 1822 gloriam

292 1829 478 1891 aooederent.

203 1915 268 1980 Vll
374 1913 425 1976 Ex
446 1933 484 1977 ea
505 1914 640 1976 oratione
655 1915 731 1976 haee
745 1911 919 1974 afferuntur.
963 1911 1146 1989 Moerum,
1167 1913 1281 1993 inquit,

291 2001 582 2063 nobilitasome
604 2000 781 2081 incipiet,
808 2002 964 2060 tuorum
988 1997 1025 2059 in
1051 2001 1089 2060 te
1110 1998 1281 2060 desinet.

290 2084 333 2148 Et
346 2087 436 2168 paulo
451 2084 798 2168 postSiqualisego
821 2104 916 2160 sum,
942 2084 1046 2145 tales
1073 2084 1185 2146 vobis
1211 2103 1278 2144 se-

227 2171 273 2236 20
294 2169 1223 2252 ptemfuissentimperatores,desertaiamesset
1238 2174 1283 2231 et

292 2257 736 2320 incultaLaoedaemon.
780 2254 823 2317 Et
838 2275 907 2318 oum
927 2256 965 2317 de
980 2255 1193 2318 Harmodioet
1207 2253 1284 2316 Ari-

292 2343 446 2422 stogitone
471 2346 578 2422 ageret
599 2341 780 2417 Quorum,
803 2341 915 2422 inquit,
941 2341 972 2401 si
997 2360 1066 2420 ego
1093 2341 1281 2422 tempori-

293 2427 360 2488 bus
385 2427 564 2503 fuissem,
598 2432 663 2488 aut
688 2429 988 2507 assumpsissem
1013 2447 1075 2488 eos
1090 2427 1280 2490 adsocie-

293 2513 415 2574 tatem
440 2511 637 2592 praeclari
659 2512 778 2572 illius
800 2513 949 2592 operis,
973 2515 1038 2575 aut
1059 2512 1143 2594 ipse
1165 2513 1280 2575 abiis

227 2595 272 2662 25
293 2597 614 2659 adsoitusessem.
659 2595 1277 2673 Etvoslortasse‚Atheniensem

292 2683 404 2745 istam
419 2683 510 2744 mihi
525 2683 737 2746 columnam
758 2687 795 2745 et
818 2683 917 2748 istas
937 2684 976 2745 in
995 2702 1038 2745 ea
1062 2684 1278 2766 inscriptas

293 2767 1279 2850 literaspraeclarumquoddometgloriadignum
1353 2823 1354 2828 ,

295 2855 448 2918 euobis
474 2856 692 2938 eontigisse
717 2853 976 2918 arbitramini.
1021 2853 1070 2916 At
1095 2856 1191 2918 mihi
1217 2873 1278 2918 oo·
1353 2881 1354 2946 3

293 2940 424 3004 lomna
451 2941 598 3005 eoelum
624 2943 822 3023 attingens
846 2941 1172 3023 inPeloponneso
1202 2943 1280 3004 vir-

227 3025 274 3090 30
295 3027 395 3090 tutis
410 3046 513 3091 meae
528 3027 645 3090 testis
663 3029 881 3091 constituta
896 3035 964 3091 est.
