2720 4482
482 399 666 465 ATTIOUS.
998 399 1062 464 135

84 575 176 634 reret.
213 571 265 634 Ex
279 591 336 652 quo
357 572 487 635 iudicari
501 575 600 655 potest
614 593 673 636 non
688 573 805 650 inertia,
822 573 876 634 sed
891 573 1001 634 iudicio
1015 573 1061 634 fu-

81 658 170 738 gisse
183 655 228 718 rei
243 658 381 738 publicae
396 660 644 739 procurationem.

171 741 378 806 Humanitatis
392 763 465 806 vero
487 746 605 806 nullum
620 743 728 806 afferre
741 744 838 805 maius
853 743 1059 804 testimoninm
1066 743 1148 808 XVI

82 847 217 910 possum,
240 847 329 909 quam
345 831 424 908 quod
445 830 621 892 adolescens
644 830 725 890 idem
747 830 812 891 seni
827 829 930 891 Sullae
943 829 1002 890 fuit
1016 829 1059 890 iu·
1134 831 1137 838 '

80 915 296 993 -cundissimus,
312 935 406 976 senex
420 916 604 976 adolescenti
620 917 663 978 M.
679 915 783 992 Bruto,
800 934 869 976 oum
883 915 1060 994 aequalibus
1082 915 1104 978 5

80 1005 188 1061 autem
203 1002 265 1061 suis
281 1001 317 1070 Q.
334 1001 498 1062 Hortensio
513 1006 545 1062 et
558 1001 599 1061 Μ.
614 999 758 1063 Cicerone
773 1003 817 1062 sic
831 1001 920 1077 vixit,
935 1004 970 1064 ut
983 1001 1060 1061 iudi-

82 1104 155 1146 care
171 1086 295 1147 difficile
310 1087 358 1161 sit,
375 1087 424 1147 cui
439 1088 532 1148 aetati
545 1087 637 1148 fuerit
652 1088 834 1168 aptissimus.
868 1087 1059 1168 Quamquam

80 1191 154 1232 eum
178 1173 339 1251 praecipue
361 1172 472 1232 dilexit
495 1169 615 1246 Cicero,
643 1178 677 1234 ut
701 1193 740 1234 ne
763 1174 857 1234 frater
886 1169 1009 1252 quidem
1032 1173 1060 1234 ei

83 1256 220 1326 Quintus
235 1259 332 1318 carior
347 1258 439 1318 fuerit
454 1262 506 1318 aut
519 1257 707 1318 familiarior.
752 1258 790 1318 Ei
804 1259 849 1319 rei
864 1263 935 1318 sunt
948 1258 1060 1318 indicio

81 1346 206 1422 praeter
221 1361 273 1402 eos
287 1342 390 1419 libros,
412 1343 566 1422 inquibus
581 1343 619 1403 de
640 1363 674 1403 eo
695 1344 768 1404 lacit
791 1344 988 1418 mentionem,
1010 1343 1062 1423 qui
1085 1341 1126 1406 10

82 1428 116 1487 in
138 1427 251 1506 vulgus
272 1431 344 1487 sunt
361 1428 450 1504 editi,
475 1429 607 1490 sedecim
629 1430 786 1490 volumina
806 1429 1001 1508 epistolarum
1022 1431 1061 1490 ab

78 1511 244 1574 consulatu
267 1514 333 1573 eius
354 1512 513 1593 usquead
533 1518 705 1576 extremum
727 1519 845 1594 tempus
864 1515 904 1575 ad
923 1514 1061 1576 Atticum

82 1598 255 1660 missarum.
301 1598 387 1667 Quae
411 1601 462 1679 qui
484 1601 570 1679 legat
583 1620 643 1662 non
657 1601 788 1662 multum
803 1601 953 1662 desideret
967 1601 1060 1662 bisto-

81 1685 164 1744 riam
179 1686 354 1744 contextam
375 1705 480 1746 eorum
503 1689 679 1766 temporum.
727 1685 776 1746 sie
799 1687 879 1746 enim
900 1686 1000 1750 omnia
1022 1688 1060 1748 de

78 1769 193 1830 studiis
208 1770 387 1848 principum,
403 1771 487 1831 vitiis
499 1771 619 1847 ducum,
636 1771 853 1831 mutationibus
864 1772 909 1831 rei
920 1772 1060 1850 publicae
1084 1769 1126 1834 15

78 1855 253 1937 perscripta
279 1858 363 1929 sunt,
391 1859 427 1915 nt
451 1856 526 1915 nihil
552 1857 584 1914 in
610 1857 655 1916 eis
670 1875 729 1915 non
745 1859 901 1935 appareat,
926 1859 957 1914 et
971 1857 1060 1916 facile

78 1939 372 2020 existimari.possit
393 1941 585 2020 prudentiam
613 1941 832 2020 quodammodo
855 1960 922 2000 esse
943 1940 1060 2000 divina-

77 2028 204 2088 tionem.
241 2023 310 2085 Non
325 2026 405 2086 enim
421 2023 526 2088 Oiooro
541 2045 579 2086 ca
593 2026 700 2100 solum,
722 2043 798 2104 quae
813 2025 884 2086 rivo
902 2025 965 2104 [se]
982 2026 1059 2086 aoei-

75 2113 201 2185 derunt,
213 2112 316 2171 futura
327 2111 487 2190 praedixit,
500 2111 667 2188 sedetiam,
680 2130 756 2192 qnae
766 2129 846 2170 nunc
856 2130 912 2170 usu
923 2111 1057 2185 veniunt,

82 2197 194 2258 cecinit
207 2199 242 2257 ut
255 2201 350 2258 vales.
736 2193 742 2214 '⁴
1081 2193 1124 2258 20

147 2283 193 2342 De
214 2283 328 2361 pietate
350 2285 452 2342 autem
473 2281 568 2343 Attici
589 2283 661 2362 quid
680 2283 769 2363 plura
784 2281 1037 2343 commemorem?
1049 2281 1144 2344 XVII

77 2387 153 2430 oum
173 2369 231 2428 boo
250 2367 350 2447 ipsum
370 2388 444 2429 vere
464 2369 645 2447 gloriantem
668 2368 815 2430 audierim
830 2367 861 2428 in
876 2367 981 2428 funere
996 2385 1059 2428 ma-

79 2453 139 2514 tris
153 2469 242 2529 sune,
272 2473 362 2532 quam
386 2454 498 2514 extulit
520 2473 666 2514 annorum
686 2454 865 2534 nonaginta,
896 2471 964 2512 oum
993 2452 1059 2532 ipse
1175 2479 1176 2482 ¹

77 2542 164 2600 esset
189 2542 305 2619 septem
332 2543 364 2600 et
383 2539 559 2618 sexaginta,
585 2558 619 2598 se
639 2557 803 2618 numquam
825 2558 893 2600 oum
914 2541 1012 2600 matre
1027 2539 1059 2600 in

76 2623 214 2704 gratiam
225 2625 348 2699 redisse,
364 2643 527 2708 numquam
542 2643 610 2684 cum
626 2644 729 2685 sorore
742 2626 836 2685 luisse
850 2625 882 2686 iu
893 2624 1057 2701 simultate,
1080 2621 1125 2687 25

78 2728 173 2788 quam
198 2729 291 2789 prope
316 2711 473 2788 aequalem
498 2709 639 2771 babebat:
667 2709 747 2787 quod
773 2715 820 2768 est
841 2709 977 2787 signum,
1006 2716 1059 2770 ant
1093 2753 1094 2758 η

80 2793 198 2856 nullam
219 2813 362 2872 umquam
382 2796 463 2856 inter
482 2813 534 2854 eos
549 2794 768 2872 querimoniam
783 2794 991 2855 intercessisse
1006 2799 1060 2856 aut

80 2881 163 2941 bunc
178 2898 214 2938 ea
228 2879 322 2939 fuisse
336 2879 368 2938 in
382 2898 454 2940 suos
468 2868 667 2957 indulgentia,
683 2883 719 2939 ut
732 2897 807 2958 qnos
822 2897 923 2938 amare
934 2879 1059 2942 deberet

80 2965 173 3027 irasci
193 2964 238 3025 eis
259 2965 345 3024 nefas
365 2965 497 3025 duceret.
541 2963 649 3044 Neque
669 2965 702 3025 id
722 2964 796 3027 lecit
820 2967 928 3025 natura
951 2962 1058 3040 solum,

79 3067 266 3129 quamquam
280 3069 385 3111 omnes
399 3050 427 3110 ei
441 3068 591 3130 paremus,
613 3049 774 3111 sedetiam
789 3049 933 3110 doctrina.
978 3048 1059 3110 Nam
1079 3047 1124 3115 30

79 3137 255 3216 principum
275 3135 521 3216 pbilosophorum
541 3136 586 3196 ita
604 3139 747 3216 percepta
768 3135 873 3197 habuit
887 3141 1057 3216 praecepta,

82 3223 119 3281 ut
132 3221 176 3281 eis
191 3220 230 3281 ad
243 3221 338 3281 vitam
353 3220 512 3300 agendam,
533 3239 593 3282 non
612 3221 650 3282 ad
665 3221 897 3284 ostentationem
911 3224 1057 3282 uteretur.

126 3304 222 3366 Moris
236 3306 328 3368 etiam
342 3306 490 3368 maiorum
504 3326 641 3368 summus
659 3307 794 3371 imitator
813 3306 873 3368 fuit
885 3307 1014 3386 antiqui·
1029 3305 1146 3368 XVIH

84 3389 215 3469 totisque
228 3395 359 3454 amator:
386 3411 476 3471 quam
498 3393 573 3454 adeo
594 3392 760 3472 diligenter
773 3391 881 3454 babuit
895 3392 1057 3471 cogni-tam,

82 3477 120 3534 nt
145 3493 212 3536 sam
237 3479 332 3537 totam
357 3476 389 3538 in
410 3497 446 3539 oo
474 3478 629 3540 volumine
653 3478 843 3558 exposuerit,
877 3497 936 3558 quo
961 3477 1058 3556 magi·
1076 3471 1124 3540 35

82 3561 199 3620 stratus
209 3562 370 3623 ordinavit
393 3562 488 3624 Nulla
498 3563 579 3624 enim
589 3564 642 3624 lex
653 3582 751 3641 neque
761 3583 824 3643 pax
834 3582 932 3643 neque
943 3562 1058 3624 bellum

82 3663 182 3724 neque
196 3663 245 3706 res
259 3646 388 3708 illustris
403 3652 451 3709 est
463 3649 569 3729 populi
582 3647 721 3723 Romani,
742 3666 820 3727 quae
833 3668 893 3711 nen
906 3648 940 3710 in
954 3668 989 3711 eo
1002 3667 1058 3710 suc

83 3733 221 3812 tempore
235 3730 276 3792 sit
290 3735 401 3809 notate,
416 3736 449 3794 et
460 3733 543 3813 quod
555 3733 771 3798 difficillimum
785 3733 851 3812 ibit,
871 3733 916 3796 sic
929 3733 1060 3796 familia-
