2720 4482
425 391 499 453 XX.
523 391 730 454 DATAMES.
1009 391 1067 454 111
1101 405 1102 412 ’

90 581 166 624 num
189 559 322 643 quinque
348 564 444 638 milia,
472 539 632 644 Phryguni
659 565 763 624 decem
788 565 886 638 milia,
913 563 1071 642 Lydorum

89 650 226 728 quinque
250 651 347 726 milia,
374 650 596 731 Aspendiorum
619 656 650 710 et
671 649 843 710 Pisidarum
869 651 990 710 circiter
1013 650 1071 723 1119

87 735 184 808 milia,
202 733 332 796 Cilicum
344 738 412 808 duo,
430 735 643 814 Captianorum
658 737 791 808 totidem,
809 756 849 795 cx
861 733 990 796 Graecia
1001 753 1070 794 oon-

86 821 250 882 ductorum
265 823 333 895 tria,
349 822 426 882 levis
441 834 613 882 armaturae
628 824 797 882 maximum
813 840 980 881 numerum.
1004 819 1070 880 Has

86 907 239 967 adversus
255 909 356 988 copias
371 928 440 988 9999
457 909 554 968 omnis
569 909 752 969 consistebat
769 909 888 968 Datami
904 909 933 966 in
949 925 982 966 99
997 907 1068 966 1991-
1089 905 1122 968 5“

88 1012 151 1072 999
166 1002 283 1053 natura.
328 994 468 1073 Namque
491 995 581 1056 huius
602 1000 719 1074 partem
740 1015 799 1054 non
816 994 946 1053 habebat
960 992 1069 1051 vicesi-

85 1097 172 1139 mam
188 1080 325 1139 militum.
370 1079 489 1149 Quibus
505 1081 599 1141 fretus
615 1081 752 1140 conflixit
766 1079 1070 1156 adversariorumque

88 1164 188 1224 multa
203 1166 287 1224 milia
302 1167 441 1237 concidit,
465 1185 533 1225 oum
549 1167 586 1225 dc
601 1167 696 1244 ipsius
711 1168 849 1224 exercitu
863 1185 922 1224 non
939 1165 1069 1242 amplius

88 1249 227 1310 homines
243 1251 327 1310 mille
342 1252 543 1311 cecidissent
575 1251 674 1320 Quam
689 1251 727 1310 ob
743 1268 864 1310 oausam
880 1256 999 1329 postero
1019 1251 1068 1308 die

86 1339 248 1415 tropaeum
263 1337 378 1416 posuit,
401 1356 459 1415 quo
477 1338 539 1396 loco
560 1337 657 1417 pridie
678 1347 846 1415 pugnatum
869 1347 941 1395 erat.
987 1334 1068 1393 Hinc
1092 1333 1138 1398 10*

87 1439 160 1480 cum
181 1428 280 1482 castra
301 1423 447 1482 movisset
468 1442 646 1501 semperque
667 1423 792 1480 inferior
813 1423 908 1500 copiis
930 1421 1068 1499 superior

88 1509 230 1568 omnibus
244 1507 368 1586 proeliis
383 1509 564 1581 discederet,
588 1508 667 1587 qnod
681 1527 845 1586 numquam
861 1526 981 1567 manum
999 1525 1067 1565 con-

87 1600 212 1666 sereret,
228 1594 286 1653 nisi
302 1613 370 1653 cnm
386 1595 575 1654 adversarios
588 1595 721 1654 locorum
733 1594 883 1671 angustiis
899 1591 1067 1665 clausisset,

88 1679 170 1756 quod
193 1680 290 1758 perito
313 1680 470 1758 regionum
493 1681 662 1759 callideque
684 1680 830 1757 cogitanti
847 1699 937 1759 saepe
951 1679 1068 1740 accide-

87 1763 155 1836 bat,
173 1764 429 1844 Autophradatcs,
454 1785 523 1826 cum
545 1767 659 1826 bellum
675 1766 743 1825 duci
759 1767 873 1825 maiore
888 1766 971 1842 regis
988 1763 1067 1822 cala·
1091 1758 1133 1823 15

86 1849 196 1909 mitate
211 1869 301 1928 quam
317 1852 558 1912 adversariorum
574 1852 705 1924 videret,
722 1870 828 1930 paoem
844 1852 1068 1928 amicitiamque

87 1935 227 1995 hortatus
243 1940 303 2011 est,
319 1942 353 1996 ut
368 1956 437 1996 cum
452 1956 526 2015 rege
539 1938 570 1996 in
584 1937 714 2016 gratiam
729 1937 852 1996 rediret.
898 1935 998 2004 Quam
1015 1936 1068 1994 1119

88 2020 146 2080 9191
168 2021 261 2083 fidam
281 2041 340 2081 non
362 2023 427 2082 fore
447 2023 586 2101 putabat,
612 2027 714 2082 tamen
735 2022 935 2082 conditionem
951 2021 1069 2100 accepit

88 2125 182 2184 seque
202 2107 241 2166 ad
257 2105 463 2168 Artaxerxem
483 2109 601 2186 legatos
622 2109 786 2167 missurum
808 2107 894 2166 dixit.
940 2103 1067 2165 8191191-

87 2191 166 2268 lum,
193 2193 272 2272 quod
294 2213 351 2253 rex
371 2194 517 2254 adversus
538 2194 687 2253 Datamen
712 2197 899 2271 susceperat,
927 2191 1066 2250 sedatum
1089 2185 1143 2249 20*

88 2287 143 2337 est
188 2279 435 2357 Autophrodates
450 2280 480 2356 in
497 2278 664 2358 Phrygiam
681 2298 713 2340 se
728 2280 853 2356 recepit.

174 2362 302 2438 Atrax,
326 2366 406 2443 quod
427 2365 618 2444 implacabile
638 2365 740 2425 odium
754 2364 785 2423 in
800 2363 948 2422 Datamen
964 2380 1065 2421 susce·
1087 2357 1139 2422 IX

87 2455 189 2527 perat,
216 2456 375 2529 postquam
397 2451 477 2511 bello
504 2471 574 2511 eum
594 2451 722 2531 opprimi
745 2469 805 2509 non
829 2469 918 2528 posse
933 2448 1066 2510 animad-

86 2536 189 2610 vertit,
206 2536 325 2596 insidiis
340 2536 508 2597 interficere
523 2537 651 2598 studuit:
672 2555 747 2616 quas
761 2535 814 2595 ille
829 2536 989 2614 plerasque
1004 2534 1067 2594 evi-

87 2622 180 2680 tavit:
201 2622 293 2695 sicut,
316 2640 385 2682 oum
400 2622 573 2683 nuntiatum
588 2636 669 2684 esset
683 2624 828 2702 quosdam
845 2622 902 2681 sibi
919 2620 1064 2693 insidiari,
1087 2613 1130 2678 25

89 2706 140 2784 qui
163 2707 195 2766 in
209 2708 376 2768 amicorum
390 2715 475 2768 erant
489 2728 624 2768 numero.
669 2709 715 2768 De
729 2704 839 2787 quibus
855 2706 934 2785 quod
951 2705 1065 2764 inimici

87 2792 273 2867 detulerant,
297 2812 394 2871 neque
415 2793 598 2853 credendum
619 2812 716 2872 119999
739 2793 955 2871 negligendum
979 2801 1065 2869 puta-

87 2878 145 2937 vit:
170 2879 303 2957 experiri
324 2878 424 2938 voluit
444 2898 552 2938 verum
574 2877 723 2938 falsumne
744 2878 802 2937 sibi
823 2883 903 2937 99991
923 2876 1063 2935 relatum.

84 2962 196 3041 Itaque
218 2984 253 3024 eo
268 2966 422 3044 prol'ectus
444 2969 504 3038 est,
532 2965 564 3024 in
590 2984 648 3042 quo
674 2965 781 3023 itinere
807 2963 924 3022 suturas
939 2961 1065 3021 insidias

85 3048 237 3110 dixerant.
281 3049 341 3110 Sed
363 3051 457 3130 clegit
478 3069 603 3129 corpore
625 3067 660 3109 99
680 3055 797 3109 9191919
812 3049 1002 3108 simillimum
1018 3047 1064 3105 sui
1087 3039 1130 3105 30

85 3136 175 3213 91999
196 3135 343 3196 vestitum
363 3156 452 3196 suum
473 3136 557 3197 dedit
580 3141 670 3214 atque
691 3155 726 3195 eo
748 3135 813 3195 loco
828 3134 887 3210 ire,
914 3154 971 3212 quo
999 3135 1065 3211 1999

86 3228 295 3296 consueverat,
311 3223 406 3282 iussit.
430 3221 501 3302 lpse
516 3225 615 3282 autem
632 3228 739 3282 ornatu
753 3221 926 3298 vestituque
939 3219 1065 3279 militari

85 3307 167 3366 inter
182 3309 316 3387 corporis
332 3309 471 3368 custodes
486 3308 544 3368 iter
559 3309 658 3368 199919
673 3307 780 3386 coepit.
805 3304 847 3366 At
862 3306 1062 3377 insidiatores,

85 3401 247 3471 postquam
262 3394 293 3453 in
308 3394 408 3454 locum
424 3395 635 3473 praestitutum
651 3413 760 3472 agmen
776 3393 924 3472 pervenit,
944 3389 1064 3468 decepti

85 3477 191 3538 ordine
206 3483 298 3557 atque
313 3481 426 3540 vestitu
441 3481 587 3558 impetum
602 3481 632 3539 in
649 3500 718 3539 911111
738 3480 866 3551 1991991,
888 3478 938 3555 991
955 3494 1063 3554 99999-
1085 3466 1136 3530 35·¹

85 3564 162 3624 situs
178 3572 253 3626 erat.
297 3565 498 3626 Praedixerat
518 3571 620 3646 autem
642 3566 686 3625 eis
702 3565 858 3636 Datames,
883 3559 1063 3641 quibuscum

84 3649 144 3709 iter
158 3650 296 3723 faciebat,
314 3658 348 3711 ut
362 3651 459 3732 parati
475 3656 577 3712 999911
590 3650 691 3712 199919
703 3650 781 3729 quod
793 3650 892 3728 ipsum
904 3648 1061 3707 vidissent.

83 3733 169 3815 Ipse,
186 3741 220 3797 ut
234 3746 446 3798 concurrentes
467 3737 659 3798 insidiatores
680 3736 814 3796 animum
834 3733 980 3810 advertit,
1002 3733 1064 3793 tela
