<?xml version="1.0" encoding="UTF-8"?>
<!DOCTYPE html PUBLIC "-//W3C//DTD XHTML 1.0 Transitional//EN"
    "http://www.w3.org/TR/xhtml1/DTD/xhtml1-transitional.dtd">
<html xmlns="http://www.w3.org/1999/xhtml" xml:lang="en" lang="en">
 <head>
  <title>
</title>
<meta http-equiv="Content-Type" content="text/html;charset=utf-8" />
  <meta name='ocr-system' content='tesseract 3.04.00' />
  <meta name='ocr-capabilities' content='ocr_page ocr_carea ocr_par ocr_line ocrx_word'/>
</head>
<body>
  <div class='ocr_page' id='page_1' title='image "./liberdeexcelben01nepogoog_0067.png"; bbox 0 0 2748 4486; ppageno 0'>
   <div class='ocr_carea' id='block_1_1' title="bbox 1171 11 1351 140">
    <p class='ocr_par' dir='ltr' id='par_1_1' title="bbox 1171 11 1351 140">
     <span class='ocr_line' id='line_1_1' title="bbox 1171 11 1351 140; baseline 0 -117"><span class='ocrx_word' id='word_1_1' title='bbox 1171 11 1351 140; x_wconf 54' lang='lat'><strong>7.</strong></span> 
     </span>
    </p>
   </div>
   <div class='ocr_carea' id='block_1_2' title="bbox 335 411 996 478">
    <p class='ocr_par' dir='ltr' id='par_1_2' title="bbox 335 411 996 478">
     <span class='ocr_line' id='line_1_2' title="bbox 335 411 996 478; baseline -0.003 0"><span class='ocrx_word' id='word_1_2' title='bbox 335 411 379 478; x_wconf 83' lang='lat'><strong>34</strong></span> <span class='ocrx_word' id='word_1_3' title='bbox 655 415 710 477; x_wconf 90' lang='lat' dir='ltr'><strong>VI.</strong></span> <span class='ocrx_word' id='word_1_4' title='bbox 733 412 996 478; x_wconf 73' lang='lat' dir='ltr'>ALCIBIADES.</span> 
     </span>
    </p>
   </div>
   <div class='ocr_carea' id='block_1_3' title="bbox 230 583 1335 1508">
    <p class='ocr_par' dir='ltr' id='par_1_3' title="bbox 333 583 1335 668">
     <span class='ocr_line' id='line_1_3' title="bbox 333 583 1335 668; baseline 0.007 -21"><span class='ocrx_word' id='word_1_5' title='bbox 333 585 446 662; x_wconf 72' lang='lat' dir='ltr'><strong>vellet,</strong></span> <span class='ocrx_word' id='word_1_6' title='bbox 468 583 630 648; x_wconf 75' lang='lat' dir='ltr'><strong>frueretur</strong></span> <span class='ocrx_word' id='word_1_7' title='bbox 676 584 803 668; x_wconf 80' lang='lat' dir='ltr'><strong>Semper</strong></span> <span class='ocrx_word' id='word_1_8' title='bbox 818 605 886 647; x_wconf 92' lang='lat' dir='ltr'><strong>eum</strong></span> <span class='ocrx_word' id='word_1_9' title='bbox 902 586 1078 668; x_wconf 79' lang='lat' dir='ltr'>pedissequi</span> <span class='ocrx_word' id='word_1_10' title='bbox 1100 605 1170 648; x_wconf 89' lang='lat' dir='ltr'><strong>cum</strong></span> <span class='ocrx_word' id='word_1_11' title='bbox 1189 592 1335 653; x_wconf 85' lang='lat' dir='ltr'><strong>nammis</strong></span> 
     </span>
    </p>

    <p class='ocr_par' dir='ltr' id='par_1_4' title="bbox 335 671 1333 758">
     <span class='ocr_line' id='line_1_4' title="bbox 335 671 1333 758; baseline 0.007 -27"><span class='ocrx_word' id='word_1_12' title='bbox 335 674 407 734; x_wconf 84' lang='lat' dir='ltr'><strong>sunt</strong></span> <span class='ocrx_word' id='word_1_13' title='bbox 420 671 525 747; x_wconf 89' lang='lat' dir='ltr'><strong>secuti,</strong></span> <span class='ocrx_word' id='word_1_14' title='bbox 541 674 585 748; x_wconf 85' lang='lat' dir='ltr'><strong>nt,</strong></span> <span class='ocrx_word' id='word_1_15' title='bbox 601 671 628 732; x_wconf 87' lang='lat' dir='ltr'><strong>si</strong></span> <span class='ocrx_word' id='word_1_16' title='bbox 643 671 710 751; x_wconf 92' lang='lat' dir='ltr'><strong>quis</strong></span> <span class='ocrx_word' id='word_1_17' title='bbox 725 672 791 754; x_wconf 90' lang='lat' dir='ltr'><strong>opis</strong></span> <span class='ocrx_word' id='word_1_18' title='bbox 807 691 881 734; x_wconf 87' lang='lat' dir='ltr'><strong>suae</strong></span> <span class='ocrx_word' id='word_1_19' title='bbox 895 672 1061 752; x_wconf 78' lang='lat' dir='ltr'><strong>indigeret,</strong></span> <span class='ocrx_word' id='word_1_20' title='bbox 1077 673 1219 750; x_wconf 85' lang='lat' dir='ltr'><strong>haberet,</strong></span> <span class='ocrx_word' id='word_1_21' title='bbox 1242 678 1333 758; x_wconf 90' lang='lat' dir='ltr'><strong>quod</strong></span> 
     </span>
    </p>

    <p class='ocr_par' dir='ltr' id='par_1_5' title="bbox 334 756 1331 841">
     <span class='ocr_line' id='line_1_5' title="bbox 334 756 1331 841; baseline 0.006 -23"><span class='ocrx_word' id='word_1_22' title='bbox 334 756 439 818; x_wconf 89' lang='lat' dir='ltr'><strong>statim</strong></span> <span class='ocrx_word' id='word_1_23' title='bbox 453 757 549 832; x_wconf 89' lang='lat' dir='ltr'><strong>daret,</strong></span> <span class='ocrx_word' id='word_1_24' title='bbox 564 776 604 818; x_wconf 93' lang='lat' dir='ltr'><strong>ne</strong></span> <span class='ocrx_word' id='word_1_25' title='bbox 618 756 784 820; x_wconf 85' lang='lat' dir='ltr'><strong>differendo</strong></span> <span class='ocrx_word' id='word_1_26' title='bbox 798 757 957 820; x_wconf 87' lang='lat' dir='ltr'><strong>videretur</strong></span> <span class='ocrx_word' id='word_1_27' title='bbox 971 777 1093 838; x_wconf 84' lang='lat' dir='ltr'><strong>negare.</strong></span> <span class='ocrx_word' id='word_1_28' title='bbox 1138 757 1240 841; x_wconf 81' lang='lat' dir='ltr'><strong>Saepe</strong></span> <span class='ocrx_word' id='word_1_29' title='bbox 1255 779 1331 824; x_wconf 88' lang='lat' dir='ltr'><strong>cum</strong></span> 
     </span>
    </p>

    <p class='ocr_par' dir='ltr' id='par_1_6' title="bbox 336 843 1331 922">
     <span class='ocr_line' id='line_1_6' title="bbox 336 843 1331 922; baseline 0.005 -19"><span class='ocrx_word' id='word_1_30' title='bbox 336 860 426 922; x_wconf 85' lang='lat' dir='ltr'><strong>quem</strong></span> <span class='ocrx_word' id='word_1_31' title='bbox 439 843 565 905; x_wconf 80' lang='lat' dir='ltr'><strong>fortuito</strong></span> <span class='ocrx_word' id='word_1_32' title='bbox 579 843 700 903; x_wconf 84' lang='lat' dir='ltr'><strong>videret</strong></span> <span class='ocrx_word' id='word_1_33' title='bbox 714 843 815 904; x_wconf 88' lang='lat' dir='ltr'><strong>minus</strong></span> <span class='ocrx_word' id='word_1_34' title='bbox 832 843 909 904; x_wconf 89' lang='lat' dir='ltr'><strong>bene</strong></span> <span class='ocrx_word' id='word_1_35' title='bbox 924 843 1080 918; x_wconf 86' lang='lat' dir='ltr'><strong>vestitum,</strong></span> <span class='ocrx_word' id='word_1_36' title='bbox 1102 863 1194 906; x_wconf 89' lang='lat' dir='ltr'><strong>sunm</strong></span> <span class='ocrx_word' id='word_1_37' title='bbox 1208 847 1331 908; x_wconf 88' lang='lat' dir='ltr'><strong>amicu-</strong></span> 
     </span>
    </p>

    <p class='ocr_par' dir='ltr' id='par_1_7' title="bbox 291 925 1331 1009">
     <span class='ocr_line' id='line_1_7' title="bbox 291 925 1331 1009; baseline 0.004 -19"><span class='ocrx_word' id='word_1_38' title='bbox 291 925 313 990; x_wconf 85' lang='lat'>5</span> <span class='ocrx_word' id='word_1_39' title='bbox 335 927 400 992; x_wconf 87' lang='lat' dir='ltr'><strong>lam</strong></span> <span class='ocrx_word' id='word_1_40' title='bbox 414 927 508 989; x_wconf 85' lang='lat' dir='ltr'><strong>dedit.</strong></span> <span class='ocrx_word' id='word_1_41' title='bbox 554 927 701 998; x_wconf 78' lang='lat' dir='ltr'><strong>Quotidie</strong></span> <span class='ocrx_word' id='word_1_42' title='bbox 715 929 761 989; x_wconf 92' lang='lat' dir='ltr'><strong>sic</strong></span> <span class='ocrx_word' id='word_1_43' title='bbox 775 946 869 990; x_wconf 89' lang='lat' dir='ltr'><strong>coena</strong></span> <span class='ocrx_word' id='word_1_44' title='bbox 882 927 911 990; x_wconf 90' lang='lat' dir='ltr'><strong>ei</strong></span> <span class='ocrx_word' id='word_1_45' title='bbox 927 929 1120 1009; x_wconf 73' lang='lat' dir='ltr'><strong>coquebatur,</strong></span> <span class='ocrx_word' id='word_1_46' title='bbox 1141 931 1177 991; x_wconf 94' lang='lat' dir='ltr'><strong>ut</strong></span> <span class='ocrx_word' id='word_1_47' title='bbox 1191 931 1331 996; x_wconf 83' lang='lat' dir='ltr'><strong>curiales</strong></span> 
     </span>
    </p>

    <p class='ocr_par' dir='ltr' id='par_1_8' title="bbox 336 1012 1329 1095">
     <span class='ocr_line' id='line_1_8' title="bbox 336 1012 1329 1095; baseline 0.006 -21"><span class='ocrx_word' id='word_1_48' title='bbox 336 1033 407 1074; x_wconf 89' lang='lat' dir='ltr'><strong>suos</strong></span> <span class='ocrx_word' id='word_1_49' title='bbox 420 1012 570 1076; x_wconf 87' lang='lat' dir='ltr'><strong>Laciadas</strong></span> <span class='ocrx_word' id='word_1_50' title='bbox 591 1020 731 1090; x_wconf 86' lang='lat' dir='ltr'><strong>voearet,</strong></span> <span class='ocrx_word' id='word_1_51' title='bbox 753 1014 834 1095; x_wconf 92' lang='lat' dir='ltr'><strong>qnod</strong></span> <span class='ocrx_word' id='word_1_52' title='bbox 857 1013 930 1094; x_wconf 90' lang='lat' dir='ltr'><strong>quin</strong></span> <span class='ocrx_word' id='word_1_53' title='bbox 944 1016 1073 1090; x_wconf 79' lang='lat' dir='ltr'><strong>iaceret,</strong></span> <span class='ocrx_word' id='word_1_54' title='bbox 1097 1015 1218 1078; x_wconf 90' lang='lat' dir='ltr'><strong>nullum</strong></span> <span class='ocrx_word' id='word_1_55' title='bbox 1242 1017 1329 1080; x_wconf 88' lang='lat' dir='ltr'><strong>diem</strong></span> 
     </span>
    </p>

    <p class='ocr_par' dir='ltr' id='par_1_9' title="bbox 335 1098 1328 1181">
     <span class='ocr_line' id='line_1_9' title="bbox 335 1098 1328 1181; baseline 0.005 -22"><span class='ocrx_word' id='word_1_56' title='bbox 335 1099 564 1160; x_wconf 64' lang='lat' dir='ltr'><strong>intermittebat.</strong></span> <span class='ocrx_word' id='word_1_57' title='bbox 608 1098 695 1160; x_wconf 83' lang='lat' dir='ltr'><strong>Nulli</strong></span> <span class='ocrx_word' id='word_1_58' title='bbox 722 1099 798 1161; x_wconf 87' lang='lat' dir='ltr'><strong>fides</strong></span> <span class='ocrx_word' id='word_1_59' title='bbox 823 1099 904 1177; x_wconf 90' lang='lat' dir='ltr'><strong>eius,</strong></span> <span class='ocrx_word' id='word_1_60' title='bbox 930 1100 1009 1161; x_wconf 89' lang='lat' dir='ltr'><strong>nulli</strong></span> <span class='ocrx_word' id='word_1_61' title='bbox 1034 1119 1142 1181; x_wconf 88' lang='lat' dir='ltr'><strong>opera,</strong></span> <span class='ocrx_word' id='word_1_62' title='bbox 1170 1102 1250 1164; x_wconf 91' lang='lat' dir='ltr'><strong>nulli</strong></span> <span class='ocrx_word' id='word_1_63' title='bbox 1275 1123 1328 1164; x_wconf 90' lang='lat' dir='ltr'><strong>res</strong></span> 
     </span>
    </p>

    <p class='ocr_par' dir='ltr' id='par_1_10' title="bbox 230 1183 1330 1270">
     <span class='ocr_line' id='line_1_10' title="bbox 230 1183 1330 1270; baseline 0.005 -26"><span class='ocrx_word' id='word_1_64' title='bbox 230 1205 233 1210; x_wconf 46' lang='lat'>¹</span> <span class='ocrx_word' id='word_1_65' title='bbox 334 1184 496 1245; x_wconf 77' lang='lat' dir='ltr'><strong>familiaris</strong></span> <span class='ocrx_word' id='word_1_66' title='bbox 511 1183 617 1259; x_wconf 80' lang='lat' dir='ltr'><strong>defuit,</strong></span> <span class='ocrx_word' id='word_1_67' title='bbox 633 1185 746 1270; x_wconf 76' lang='lat' dir='ltr'><strong>multos</strong></span> <span class='ocrx_word' id='word_1_68' title='bbox 760 1185 967 1266; x_wconf 80' lang='lat' dir='ltr'><strong>locupletavit,</strong></span> <span class='ocrx_word' id='word_1_69' title='bbox 984 1185 1157 1266; x_wconf 85' lang='lat' dir='ltr'><strong>complores</strong></span> <span class='ocrx_word' id='word_1_70' title='bbox 1171 1205 1330 1270; x_wconf 86' lang='lat' dir='ltr'><strong>pauperes</strong></span> 
     </span>
    </p>

    <p class='ocr_par' dir='ltr' id='par_1_11' title="bbox 334 1269 1328 1355">
     <span class='ocr_line' id='line_1_11' title="bbox 334 1269 1328 1355; baseline 0.005 -24"><span class='ocrx_word' id='word_1_71' title='bbox 334 1273 471 1332; x_wconf 88' lang='lat' dir='ltr'><strong>mortuos</strong></span> <span class='ocrx_word' id='word_1_72' title='bbox 486 1270 537 1350; x_wconf 90' lang='lat' dir='ltr'><strong>qui</strong></span> <span class='ocrx_word' id='word_1_73' title='bbox 552 1270 633 1331; x_wconf 93' lang='lat' dir='ltr'><strong>unde</strong></span> <span class='ocrx_word' id='word_1_74' title='bbox 648 1269 828 1332; x_wconf 84' lang='lat' dir='ltr'><strong>efferrentur</strong></span> <span class='ocrx_word' id='word_1_75' title='bbox 838 1289 899 1333; x_wconf 93' lang='lat' dir='ltr'><strong>non</strong></span> <span class='ocrx_word' id='word_1_76' title='bbox 909 1271 1115 1352; x_wconf 80' lang='lat' dir='ltr'><strong>reliquissent,</strong></span> <span class='ocrx_word' id='word_1_77' title='bbox 1131 1291 1186 1334; x_wconf 89' lang='lat' dir='ltr'><strong>suo</strong></span> <span class='ocrx_word' id='word_1_78' title='bbox 1198 1278 1328 1355; x_wconf 90' lang='lat' dir='ltr'><strong>sumptu</strong></span> 
     </span>
    </p>

    <p class='ocr_par' dir='ltr' id='par_1_12' title="bbox 271 1353 1326 1508">
     <span class='ocr_line' id='line_1_12' title="bbox 271 1353 1326 1438; baseline 0.003 -20"><span class='ocrx_word' id='word_1_79' title='bbox 271 1353 314 1419; x_wconf 92' lang='grc'><strong>10</strong></span> <span class='ocrx_word' id='word_1_80' title='bbox 335 1356 455 1418; x_wconf 80' lang='lat' dir='ltr'><strong>extulit.</strong></span> <span class='ocrx_word' id='word_1_81' title='bbox 502 1353 579 1418; x_wconf 81' lang='lat' dir='ltr'><strong>Cum</strong></span> <span class='ocrx_word' id='word_1_82' title='bbox 602 1355 646 1416; x_wconf 91' lang='lat' dir='ltr'><strong>sic</strong></span> <span class='ocrx_word' id='word_1_83' title='bbox 668 1375 702 1418; x_wconf 93' lang='lat' dir='ltr'><strong>se</strong></span> <span class='ocrx_word' id='word_1_84' title='bbox 717 1359 854 1438; x_wconf 81' lang='lat' dir='ltr'><strong>gereret,</strong></span> <span class='ocrx_word' id='word_1_85' title='bbox 877 1356 1002 1420; x_wconf 88' lang='lat' dir='ltr'><strong>minime</strong></span> <span class='ocrx_word' id='word_1_86' title='bbox 1023 1360 1070 1418; x_wconf 90' lang='lat' dir='ltr'><strong>est</strong></span> <span class='ocrx_word' id='word_1_87' title='bbox 1084 1358 1276 1436; x_wconf 90' lang='lat' dir='ltr'><strong>mirandum,</strong></span> <span class='ocrx_word' id='word_1_88' title='bbox 1299 1361 1326 1420; x_wconf 86' lang='lat' dir='ltr'><strong>si</strong></span> 
     </span>
     <span class='ocr_line' id='line_1_13' title="bbox 334 1441 957 1508; baseline 0.005 -6"><span class='ocrx_word' id='word_1_89' title='bbox 334 1459 418 1502; x_wconf 90' lang='lat' dir='ltr'><strong>mors</strong></span> <span class='ocrx_word' id='word_1_90' title='bbox 434 1442 499 1502; x_wconf 89' lang='lat' dir='ltr'><strong>eius</strong></span> <span class='ocrx_word' id='word_1_91' title='bbox 513 1441 571 1502; x_wconf 85' lang='lat' dir='ltr'><strong>fnit</strong></span> <span class='ocrx_word' id='word_1_92' title='bbox 586 1441 696 1503; x_wconf 85' lang='lat' dir='ltr'><strong>acerba</strong></span> <span class='ocrx_word' id='word_1_93' title='bbox 710 1441 957 1508; x_wconf 82' lang='lat' dir='ltr'><strong>Atheniensibus.</strong></span> 
     </span>
    </p>
   </div>
   <div class='ocr_carea' id='block_1_4' title="bbox 721 1715 926 1726">
    <p class='ocr_par' dir='ltr' id='par_1_13' title="bbox 721 1715 926 1726">
     <span class='ocr_line' id='line_1_14' title="bbox 721 1715 926 1726; baseline 0 -2"><span class='ocrx_word' id='word_1_94' title='bbox 721 1715 926 1726; x_wconf 77' lang='lat'>.—--——-</span> 
     </span>
    </p>
   </div>
   <div class='ocr_carea' id='block_1_5' title="bbox 647 1933 1005 2017">
    <p class='ocr_par' dir='ltr' id='par_1_14' title="bbox 647 1933 1005 2017">
     <span class='ocr_line' id='line_1_15' title="bbox 647 1933 1005 2017; baseline 0.003 -2"><span class='ocrx_word' id='word_1_95' title='bbox 647 1933 716 2017; x_wconf 88' lang='lat' dir='ltr'><strong>Vl.</strong></span> <span class='ocrx_word' id='word_1_96' title='bbox 744 1934 1005 2017; x_wconf 74' lang='lat' dir='ltr'><strong>Alcibiades.</strong></span> 
     </span>
    </p>
   </div>
   <div class='ocr_carea' id='block_1_6' title="bbox 263 2109 1370 3836">
    <p class='ocr_par' dir='ltr' id='par_1_15' title="bbox 295 2109 1320 2461">
     <span class='ocr_line' id='line_1_16' title="bbox 295 2109 1320 2205; baseline 0.004 -20"><span class='ocrx_word' id='word_1_97' title='bbox 295 2124 311 2185; x_wconf 96' lang='lat' dir='ltr'>I</span> <span class='ocrx_word' id='word_1_98' title='bbox 332 2109 528 2201; x_wconf 82' lang='lat' dir='ltr'><strong>Ancmranas,</strong></span> <span class='ocrx_word' id='word_1_99' title='bbox 546 2121 666 2186; x_wconf 80' lang='lat' dir='ltr'><strong>Cliniae</strong></span> <span class='ocrx_word' id='word_1_100' title='bbox 676 2123 766 2200; x_wconf 92' lang='lat' dir='ltr'><strong>filius,</strong></span> <span class='ocrx_word' id='word_1_101' title='bbox 783 2122 981 2184; x_wconf 78' lang='lat' dir='ltr'><strong>Atheniensis</strong></span> <span class='ocrx_word' id='word_1_102' title='bbox 993 2123 1118 2205; x_wconf 86' lang='lat' dir='ltr'><strong>stirpem</strong></span> <span class='ocrx_word' id='word_1_103' title='bbox 1128 2126 1228 2204; x_wconf 80' lang='lat' dir='ltr'><strong>gentis</strong></span> <span class='ocrx_word' id='word_1_104' title='bbox 1239 2143 1320 2188; x_wconf 88' lang='lat' dir='ltr'><strong>auae</strong></span> 
     </span>
     <span class='ocr_line' id='line_1_17' title="bbox 332 2209 1318 2292; baseline 0 -19"><span class='ocrx_word' id='word_1_105' title='bbox 332 2211 371 2273; x_wconf 88' lang='lat' dir='ltr'><strong>ab</strong></span> <span class='ocrx_word' id='word_1_106' title='bbox 386 2211 482 2273; x_wconf 83' lang='lat' dir='ltr'><strong>Aiace</strong></span> <span class='ocrx_word' id='word_1_107' title='bbox 496 2209 673 2272; x_wconf 76' lang='lat' dir='ltr'><strong>Telamonia</strong></span> <span class='ocrx_word' id='word_1_108' title='bbox 689 2209 820 2291; x_wconf 87' lang='lat' dir='ltr'><strong>repetiit.</strong></span> <span class='ocrx_word' id='word_1_109' title='bbox 864 2209 903 2270; x_wconf 90' lang='lat' dir='ltr'><strong>In</strong></span> <span class='ocrx_word' id='word_1_110' title='bbox 918 2209 975 2272; x_wconf 92' lang='lat' dir='ltr'><strong>hoc</strong></span> <span class='ocrx_word' id='word_1_111' title='bbox 998 2211 1106 2272; x_wconf 86' lang='lat' dir='ltr'><strong>natura</strong></span> <span class='ocrx_word' id='word_1_112' title='bbox 1120 2210 1191 2290; x_wconf 86' lang='lat' dir='ltr'><strong>qnid</strong></span> <span class='ocrx_word' id='word_1_113' title='bbox 1205 2215 1318 2292; x_wconf 87' lang='lat' dir='ltr'><strong>posset</strong></span> 
     </span>
     <span class='ocr_line' id='line_1_18' title="bbox 332 2292 1318 2376; baseline 0.004 -21"><span class='ocrx_word' id='word_1_114' title='bbox 332 2296 457 2358; x_wconf 81' lang='lat' dir='ltr'><strong>videtur</strong></span> <span class='ocrx_word' id='word_1_115' title='bbox 478 2299 615 2376; x_wconf 85' lang='lat' dir='ltr'><strong>experta.</strong></span> <span class='ocrx_word' id='word_1_116' title='bbox 645 2292 789 2357; x_wconf 77' lang='lat' dir='ltr'><strong>¹Constat</strong></span> <span class='ocrx_word' id='word_1_117' title='bbox 810 2294 891 2356; x_wconf 88' lang='lat' dir='ltr'><strong>enim</strong></span> <span class='ocrx_word' id='word_1_118' title='bbox 912 2294 994 2358; x_wconf 90' lang='lat' dir='ltr'><strong>inter</strong></span> <span class='ocrx_word' id='word_1_119' title='bbox 1016 2315 1132 2372; x_wconf 92' lang='lat' dir='ltr'><strong>omnes,</strong></span> <span class='ocrx_word' id='word_1_120' title='bbox 1155 2295 1264 2376; x_wconf 90' lang='lat' dir='ltr'><strong>quide</strong></span> <span class='ocrx_word' id='word_1_121' title='bbox 1279 2317 1318 2360; x_wconf 90' lang='lat' dir='ltr'><strong>eo</strong></span> 
     </span>
     <span class='ocr_line' id='line_1_19' title="bbox 332 2379 1317 2461; baseline 0.003 -20"><span class='ocrx_word' id='word_1_122' title='bbox 332 2381 498 2442; x_wconf 82' lang='lat' dir='ltr'><strong>memoriae</strong></span> <span class='ocrx_word' id='word_1_123' title='bbox 511 2380 718 2461; x_wconf 87' lang='lat' dir='ltr'><strong>prodiderunt,</strong></span> <span class='ocrx_word' id='word_1_124' title='bbox 735 2379 812 2442; x_wconf 90' lang='lat' dir='ltr'><strong>nihil</strong></span> <span class='ocrx_word' id='word_1_125' title='bbox 827 2379 880 2442; x_wconf 91' lang='lat' dir='ltr'><strong>illo</strong></span> <span class='ocrx_word' id='word_1_126' title='bbox 891 2379 1092 2444; x_wconf 87' lang='lat' dir='ltr'><strong>excellentius</strong></span> <span class='ocrx_word' id='word_1_127' title='bbox 1105 2379 1202 2442; x_wconf 79' lang='lat' dir='ltr'><strong>tuisse</strong></span> <span class='ocrx_word' id='word_1_128' title='bbox 1216 2382 1270 2444; x_wconf 84' lang='lat' dir='ltr'><strong>vel</strong></span> <span class='ocrx_word' id='word_1_129' title='bbox 1285 2383 1317 2444; x_wconf 93' lang='lat' dir='ltr'><strong>in</strong></span> 
     </span>
    </p>

    <p class='ocr_par' dir='ltr' id='par_1_16' title="bbox 289 2463 1370 2891">
     <span class='ocr_line' id='line_1_20' title="bbox 289 2463 1316 2548; baseline 0 -20"><span class='ocrx_word' id='word_1_130' title='bbox 289 2463 310 2528; x_wconf 80' lang='grc' dir='ltr'><strong><em>ὃ</em></strong></span> <span class='ocrx_word' id='word_1_131' title='bbox 332 2466 428 2543; x_wconf 84' lang='lat' dir='ltr'><strong>vitiis,</strong></span> <span class='ocrx_word' id='word_1_132' title='bbox 443 2466 495 2526; x_wconf 84' lang='lat' dir='ltr'><strong>vel</strong></span> <span class='ocrx_word' id='word_1_133' title='bbox 509 2467 542 2526; x_wconf 92' lang='lat' dir='ltr'><strong>in</strong></span> <span class='ocrx_word' id='word_1_134' title='bbox 556 2465 731 2530; x_wconf 86' lang='lat' dir='ltr'><strong>virtutibus.</strong></span> <span class='ocrx_word' id='word_1_135' title='bbox 774 2465 874 2528; x_wconf 84' lang='lat' dir='ltr'><strong>Natus</strong></span> <span class='ocrx_word' id='word_1_136' title='bbox 895 2469 963 2528; x_wconf 88' lang='lat' dir='ltr'><strong>erat</strong></span> <span class='ocrx_word' id='word_1_137' title='bbox 982 2467 1015 2528; x_wconf 92' lang='lat' dir='ltr'><strong>in</strong></span> <span class='ocrx_word' id='word_1_138' title='bbox 1029 2466 1220 2548; x_wconf 88' lang='lat' dir='ltr'><strong>amplissima</strong></span> <span class='ocrx_word' id='word_1_139' title='bbox 1242 2468 1316 2530; x_wconf 80' lang='lat' dir='ltr'><strong>civi·</strong></span> 
     </span>
     <span class='ocr_line' id='line_1_21' title="bbox 331 2551 1370 2633; baseline 0 -19"><span class='ocrx_word' id='word_1_140' title='bbox 331 2553 405 2628; x_wconf 88' lang='lat' dir='ltr'><strong>tate,</strong></span> <span class='ocrx_word' id='word_1_141' title='bbox 421 2570 539 2614; x_wconf 90' lang='lat' dir='ltr'><strong>summo</strong></span> <span class='ocrx_word' id='word_1_142' title='bbox 553 2571 676 2632; x_wconf 84' lang='lat' dir='ltr'><strong>genere,</strong></span> <span class='ocrx_word' id='word_1_143' title='bbox 691 2551 826 2615; x_wconf 90' lang='lat' dir='ltr'><strong>omnium</strong></span> <span class='ocrx_word' id='word_1_144' title='bbox 840 2552 950 2613; x_wconf 86' lang='lat' dir='ltr'><strong>aetatis</strong></span> <span class='ocrx_word' id='word_1_145' title='bbox 965 2569 1039 2614; x_wconf 89' lang='lat' dir='ltr'><strong>snae</strong></span> <span class='ocrx_word' id='word_1_146' title='bbox 1053 2552 1146 2633; x_wconf 82' lang='lat' dir='ltr'><strong>longe</strong></span> <span class='ocrx_word' id='word_1_147' title='bbox 1160 2553 1314 2616; x_wconf 83' lang='lat' dir='ltr'><strong>formosis·</strong></span> <span class='ocrx_word' id='word_1_148' title='bbox 1369 2587 1370 2621; x_wconf 70' lang='lat'><strong>,</strong></span> 
     </span>
     <span class='ocr_line' id='line_1_22' title="bbox 333 2637 1313 2720; baseline 0.002 -22"><span class='ocrx_word' id='word_1_149' title='bbox 333 2637 439 2714; x_wconf 88' lang='lat' dir='ltr'><strong>simus,</strong></span> <span class='ocrx_word' id='word_1_150' title='bbox 454 2637 493 2699; x_wconf 90' lang='lat' dir='ltr'><strong>ad</strong></span> <span class='ocrx_word' id='word_1_151' title='bbox 509 2656 613 2700; x_wconf 89' lang='lat' dir='ltr'><strong>omnes</strong></span> <span class='ocrx_word' id='word_1_152' title='bbox 628 2656 679 2700; x_wconf 88' lang='lat' dir='ltr'><strong>res</strong></span> <span class='ocrx_word' id='word_1_153' title='bbox 694 2641 783 2720; x_wconf 86' lang='lat' dir='ltr'><strong>aptas</strong></span> <span class='ocrx_word' id='word_1_154' title='bbox 798 2637 979 2718; x_wconf 89' lang='lat' dir='ltr'><strong>consiliique</strong></span> <span class='ocrx_word' id='word_1_155' title='bbox 998 2638 1116 2718; x_wconf 87' lang='lat' dir='ltr'><strong>plenus.</strong></span> <span class='ocrx_word' id='word_1_156' title='bbox 1161 2637 1313 2720; x_wconf 85' lang='lat' dir='ltr'><strong>Eloquen-</strong></span> 
     </span>
     <span class='ocr_line' id='line_1_23' title="bbox 330 2723 1313 2806; baseline 0.002 -22"><span class='ocrx_word' id='word_1_157' title='bbox 330 2724 374 2786; x_wconf 85' lang='lat' dir='ltr'><strong>tia</strong></span> <span class='ocrx_word' id='word_1_158' title='bbox 395 2743 515 2805; x_wconf 89' lang='lat' dir='ltr'><strong>quoque</strong></span> <span class='ocrx_word' id='word_1_159' title='bbox 529 2724 670 2800; x_wconf 86' lang='lat' dir='ltr'><strong>eminuit,</strong></span> <span class='ocrx_word' id='word_1_160' title='bbox 697 2726 732 2785; x_wconf 91' lang='lat' dir='ltr'><strong>ut</strong></span> <span class='ocrx_word' id='word_1_161' title='bbox 757 2723 907 2806; x_wconf 86' lang='lat' dir='ltr'><strong>imprimis</strong></span> <span class='ocrx_word' id='word_1_162' title='bbox 930 2723 1058 2785; x_wconf 90' lang='lat' dir='ltr'><strong>dicendo</strong></span> <span class='ocrx_word' id='word_1_163' title='bbox 1078 2723 1213 2801; x_wconf 83' lang='lat' dir='ltr'><strong>valeret,</strong></span> <span class='ocrx_word' id='word_1_164' title='bbox 1235 2726 1313 2804; x_wconf 91' lang='lat' dir='ltr'><strong>qnod</strong></span> 
     </span>
     <span class='ocr_line' id='line_1_24' title="bbox 330 2810 1311 2891; baseline -0.002 -17"><span class='ocrx_word' id='word_1_165' title='bbox 330 2813 416 2874; x_wconf 88' lang='lat' dir='ltr'><strong>tanta</strong></span> <span class='ocrx_word' id='word_1_166' title='bbox 430 2814 498 2874; x_wconf 90' lang='lat' dir='ltr'><strong>erat</strong></span> <span class='ocrx_word' id='word_1_167' title='bbox 512 2811 733 2874; x_wconf 78' lang='lat' dir='ltr'><strong>commendatio</strong></span> <span class='ocrx_word' id='word_1_168' title='bbox 748 2811 809 2872; x_wconf 89' lang='lat' dir='ltr'><strong>oris</strong></span> <span class='ocrx_word' id='word_1_169' title='bbox 830 2814 922 2891; x_wconf 88' lang='lat' dir='ltr'><strong>atque</strong></span> <span class='ocrx_word' id='word_1_170' title='bbox 943 2810 1103 2887; x_wconf 88' lang='lat' dir='ltr'><strong>orationis,</strong></span> <span class='ocrx_word' id='word_1_171' title='bbox 1125 2812 1161 2870; x_wconf 88' lang='lat' dir='ltr'><strong>ut</strong></span> <span class='ocrx_word' id='word_1_172' title='bbox 1181 2829 1270 2872; x_wconf 92' lang='lat' dir='ltr'><strong>nemo</strong></span> <span class='ocrx_word' id='word_1_173' title='bbox 1284 2811 1311 2872; x_wconf 91' lang='lat' dir='ltr'><strong>ei</strong></span> 
     </span>
    </p>

    <p class='ocr_par' dir='ltr' id='par_1_17' title="bbox 267 2893 1311 3323">
     <span class='ocr_line' id='line_1_25' title="bbox 267 2893 1311 2980; baseline -0.001 -22"><span class='ocrx_word' id='word_1_174' title='bbox 267 2893 309 2958; x_wconf 88' lang='lat'><strong>10</strong></span> <span class='ocrx_word' id='word_1_175' title='bbox 330 2901 435 2980; x_wconf 88' lang='lat' dir='ltr'><strong>posset</strong></span> <span class='ocrx_word' id='word_1_176' title='bbox 454 2897 607 2960; x_wconf 85' lang='lat' dir='ltr'><strong>resistere.</strong></span> <span class='ocrx_word' id='word_1_177' title='bbox 651 2897 699 2959; x_wconf 87' lang='lat' dir='ltr'><strong>Ac</strong></span> <span class='ocrx_word' id='word_1_178' title='bbox 722 2900 880 2977; x_wconf 89' lang='lat' dir='ltr'><strong>praeterea</strong></span> <span class='ocrx_word' id='word_1_179' title='bbox 903 2895 991 2956; x_wconf 82' lang='lat' dir='ltr'><strong>dives</strong></span> <span class='ocrx_word' id='word_1_180' title='bbox 1005 2895 1079 2969; x_wconf 82' lang='lat' dir='ltr'><strong>fnit3</strong></span> <span class='ocrx_word' id='word_1_181' title='bbox 1102 2913 1173 2956; x_wconf 88' lang='lat' dir='ltr'><strong>anm</strong></span> <span class='ocrx_word' id='word_1_182' title='bbox 1193 2898 1311 2978; x_wconf 87' lang='lat' dir='ltr'><strong>tempus</strong></span> 
     </span>
     <span class='ocr_line' id='line_1_26' title="bbox 329 2979 1310 3067; baseline -0.001 -22"><span class='ocrx_word' id='word_1_183' title='bbox 329 2985 488 3067; x_wconf 89' lang='lat' dir='ltr'><strong>poscebat,</strong></span> <span class='ocrx_word' id='word_1_184' title='bbox 510 2983 679 3046; x_wconf 89' lang='lat' dir='ltr'><strong>laboriosus</strong></span> <span class='ocrx_word' id='word_1_185' title='bbox 708 2983 841 3064; x_wconf 90' lang='lat' dir='ltr'><strong>patiens;</strong></span> <span class='ocrx_word' id='word_1_186' title='bbox 870 2979 1008 3042; x_wconf 88' lang='lat' dir='ltr'><strong>liberalis</strong></span> <span class='ocrx_word' id='word_1_187' title='bbox 1033 2979 1227 3061; x_wconf 88' lang='lat' dir='ltr'><strong>splendidus,</strong></span> <span class='ocrx_word' id='word_1_188' title='bbox 1253 3001 1310 3045; x_wconf 90' lang='lat' dir='ltr'><strong>non</strong></span> 
     </span>
     <span class='ocr_line' id='line_1_27' title="bbox 329 3065 1310 3151; baseline -0.003 -20"><span class='ocrx_word' id='word_1_189' title='bbox 329 3071 430 3132; x_wconf 89' lang='lat' dir='ltr'><strong>minus</strong></span> <span class='ocrx_word' id='word_1_190' title='bbox 441 3070 473 3130; x_wconf 91' lang='lat' dir='ltr'><strong>in</strong></span> <span class='ocrx_word' id='word_1_191' title='bbox 484 3069 557 3146; x_wconf 86' lang='lat' dir='ltr'><strong>vita,</strong></span> <span class='ocrx_word' id='word_1_192' title='bbox 573 3089 664 3151; x_wconf 91' lang='lat' dir='ltr'><strong>quam</strong></span> <span class='ocrx_word' id='word_1_193' title='bbox 675 3068 708 3129; x_wconf 91' lang='lat' dir='ltr'><strong>in</strong></span> <span class='ocrx_word' id='word_1_194' title='bbox 719 3069 819 3143; x_wconf 82' lang='lat' dir='ltr'><strong>rictu;</strong></span> <span class='ocrx_word' id='word_1_195' title='bbox 834 3066 962 3129; x_wconf 84' lang='lat' dir='ltr'><strong>affabilis</strong></span> <span class='ocrx_word' id='word_1_196' title='bbox 973 3065 1114 3142; x_wconf 91' lang='lat' dir='ltr'><strong>blandus,</strong></span> <span class='ocrx_word' id='word_1_197' title='bbox 1125 3067 1310 3147; x_wconf 77' lang='lat' dir='ltr'><strong>temporssius</strong></span> 
     </span>
     <span class='ocr_line' id='line_1_28' title="bbox 331 3152 1310 3233; baseline -0.002 -17"><span class='ocrx_word' id='word_1_198' title='bbox 331 3155 526 3218; x_wconf 87' lang='lat' dir='ltr'><strong>callidissime</strong></span> <span class='ocrx_word' id='word_1_199' title='bbox 542 3156 688 3216; x_wconf 86' lang='lat' dir='ltr'><strong>serviens.</strong></span> <span class='ocrx_word' id='word_1_200' title='bbox 732 3155 820 3216; x_wconf 88' lang='lat' dir='ltr'><strong>Idem</strong></span> <span class='ocrx_word' id='word_1_201' title='bbox 834 3152 926 3214; x_wconf 88' lang='lat' dir='ltr'><strong>simul</strong></span> <span class='ocrx_word' id='word_1_202' title='bbox 940 3170 977 3212; x_wconf 89' lang='lat' dir='ltr'><strong>ae</strong></span> <span class='ocrx_word' id='word_1_203' title='bbox 991 3171 1025 3213; x_wconf 90' lang='lat' dir='ltr'><strong>se</strong></span> <span class='ocrx_word' id='word_1_204' title='bbox 1039 3152 1201 3214; x_wconf 87' lang='lat' dir='ltr'><strong>remiserat</strong></span> <span class='ocrx_word' id='word_1_205' title='bbox 1215 3171 1310 3233; x_wconf 86' lang='lat' dir='ltr'><strong>neque</strong></span> 
     </span>
     <span class='ocr_line' id='line_1_29' title="bbox 331 3238 1309 3323; baseline -0.003 -20"><span class='ocrx_word' id='word_1_206' title='bbox 331 3258 424 3303; x_wconf 88' lang='lat' dir='ltr'><strong>causa</strong></span> <span class='ocrx_word' id='word_1_207' title='bbox 438 3241 569 3317; x_wconf 76' lang='lat' dir='ltr'><strong>suberat,</strong></span> <span class='ocrx_word' id='word_1_208' title='bbox 586 3259 680 3323; x_wconf 88' lang='lat' dir='ltr'><strong>quare</strong></span> <span class='ocrx_word' id='word_1_209' title='bbox 695 3239 788 3301; x_wconf 89' lang='lat' dir='ltr'><strong>animi</strong></span> <span class='ocrx_word' id='word_1_210' title='bbox 802 3240 939 3301; x_wconf 88' lang='lat' dir='ltr'><strong>laborem</strong></span> <span class='ocrx_word' id='word_1_211' title='bbox 953 3238 1112 3318; x_wconf 82' lang='lat' dir='ltr'><strong>perferret,</strong></span> <span class='ocrx_word' id='word_1_212' title='bbox 1133 3238 1309 3300; x_wconf 87' lang='lat' dir='ltr'><strong>luxuriosus</strong></span> 
     </span>
    </p>

    <p class='ocr_par' dir='ltr' id='par_1_18' title="bbox 267 3323 1308 3580">
     <span class='ocr_line' id='line_1_30' title="bbox 267 3323 1308 3407; baseline -0.002 -21"><span class='ocrx_word' id='word_1_213' title='bbox 267 3323 308 3388; x_wconf 79' lang='lat'><strong>15</strong></span> <span class='ocrx_word' id='word_1_214' title='bbox 330 3326 506 3402; x_wconf 90' lang='lat' dir='ltr'><strong>dissolutus,</strong></span> <span class='ocrx_word' id='word_1_215' title='bbox 521 3326 703 3389; x_wconf 89' lang='lat' dir='ltr'><strong>libidinosus</strong></span> <span class='ocrx_word' id='word_1_216' title='bbox 713 3326 919 3407; x_wconf 83' lang='lat' dir='ltr'><strong>intemperans</strong></span> <span class='ocrx_word' id='word_1_217' title='bbox 930 3323 1148 3405; x_wconf 87' lang='lat' dir='ltr'><strong>reperiebatur,</strong></span> <span class='ocrx_word' id='word_1_218' title='bbox 1164 3325 1200 3384; x_wconf 88' lang='lat' dir='ltr'><strong>ut</strong></span> <span class='ocrx_word' id='word_1_219' title='bbox 1207 3341 1308 3386; x_wconf 90' lang='lat' dir='ltr'><strong>omnes</strong></span> 
     </span>
     <span class='ocr_line' id='line_1_31' title="bbox 330 3408 1308 3476; baseline -0.005 0"><span class='ocrx_word' id='word_1_220' title='bbox 330 3413 553 3476; x_wconf 86' lang='lat' dir='ltr'><strong>admirarentur</strong></span> <span class='ocrx_word' id='word_1_221' title='bbox 567 3413 599 3474; x_wconf 93' lang='lat' dir='ltr'><strong>in</strong></span> <span class='ocrx_word' id='word_1_222' title='bbox 613 3432 674 3474; x_wconf 93' lang='lat' dir='ltr'><strong>uno</strong></span> <span class='ocrx_word' id='word_1_223' title='bbox 691 3411 812 3474; x_wconf 89' lang='lat' dir='ltr'><strong>homine</strong></span> <span class='ocrx_word' id='word_1_224' title='bbox 826 3415 945 3472; x_wconf 88' lang='lat' dir='ltr'><strong>tantam</strong></span> <span class='ocrx_word' id='word_1_225' title='bbox 955 3427 1023 3471; x_wconf 87' lang='lat' dir='ltr'><strong>esse</strong></span> <span class='ocrx_word' id='word_1_226' title='bbox 1033 3408 1308 3471; x_wconf 87' lang='lat' dir='ltr'><strong>dissimilitudinem</strong></span> 
     </span>
     <span class='ocr_line' id='line_1_32' title="bbox 329 3499 784 3580; baseline -0.009 -19"><span class='ocrx_word' id='word_1_227' title='bbox 329 3502 452 3580; x_wconf 85' lang='lat' dir='ltr'><strong>tamque</strong></span> <span class='ocrx_word' id='word_1_228' title='bbox 467 3499 621 3562; x_wconf 79' lang='lat' dir='ltr'><strong>diversam</strong></span> <span class='ocrx_word' id='word_1_229' title='bbox 635 3501 784 3576; x_wconf 82' lang='lat' dir='ltr'><strong>natmam.</strong></span> 
     </span>
    </p>

    <p class='ocr_par' dir='ltr' id='par_1_19' title="bbox 271 3578 1305 3752">
     <span class='ocr_line' id='line_1_33' title="bbox 271 3578 1305 3662; baseline -0.004 -17"><span class='ocrx_word' id='word_1_230' title='bbox 271 3583 306 3645; x_wconf 90' lang='grc' dir='ltr'><strong><em>Π</em></strong></span> <span class='ocrx_word' id='word_1_231' title='bbox 413 3583 570 3648; x_wconf 85' lang='lat' dir='ltr'><strong>Educatus</strong></span> <span class='ocrx_word' id='word_1_232' title='bbox 584 3587 632 3647; x_wconf 84' lang='lat' dir='ltr'><strong>est</strong></span> <span class='ocrx_word' id='word_1_233' title='bbox 641 3585 673 3645; x_wconf 90' lang='lat' dir='ltr'><strong>in</strong></span> <span class='ocrx_word' id='word_1_234' title='bbox 686 3584 775 3646; x_wconf 92' lang='lat' dir='ltr'><strong>domo</strong></span> <span class='ocrx_word' id='word_1_235' title='bbox 786 3580 908 3657; x_wconf 89' lang='lat' dir='ltr'><strong>Pericli,</strong></span> <span class='ocrx_word' id='word_1_236' title='bbox 925 3600 1015 3661; x_wconf 89' lang='lat' dir='ltr'><strong>quem</strong></span> <span class='ocrx_word' id='word_1_237' title='bbox 1027 3578 1208 3662; x_wconf 69' lang='lat' dir='ltr'><strong>cognatione</strong></span> <span class='ocrx_word' id='word_1_238' title='bbox 1219 3580 1305 3642; x_wconf 85' lang='lat' dir='ltr'><strong>attin-</strong></span> 
     </span>
     <span class='ocr_line' id='line_1_34' title="bbox 328 3666 1305 3752; baseline -0.006 -20"><span class='ocrx_word' id='word_1_239' title='bbox 328 3670 421 3752; x_wconf 78' lang='lat' dir='ltr'><strong>gebat</strong></span> <span class='ocrx_word' id='word_1_240' title='bbox 436 3674 467 3732; x_wconf 93' lang='grc'><strong>11</strong></span> <span class='ocrx_word' id='word_1_241' title='bbox 481 3674 568 3752; x_wconf 86' lang='lat' dir='ltr'><strong>patre</strong></span> <span class='ocrx_word' id='word_1_242' title='bbox 582 3673 702 3732; x_wconf 86' lang='lat' dir='ltr'><strong>mature</strong></span> <span class='ocrx_word' id='word_1_243' title='bbox 716 3673 836 3731; x_wconf 87' lang='lat' dir='ltr'><strong>mortuo</strong></span> <span class='ocrx_word' id='word_1_244' title='bbox 851 3669 984 3729; x_wconf 88' lang='lat' dir='ltr'><strong>tutorem</strong></span> <span class='ocrx_word' id='word_1_245' title='bbox 1005 3666 1150 3742; x_wconf 84' lang='lat' dir='ltr'><strong>habebat,</strong></span> <span class='ocrx_word' id='word_1_246' title='bbox 1173 3667 1305 3728; x_wconf 88' lang='lat' dir='ltr'><strong>eruditas</strong></span> 
     </span>
    </p>

    <p class='ocr_par' dir='ltr' id='par_1_20' title="bbox 263 3747 1305 3836">
     <span class='ocr_line' id='line_1_35' title="bbox 263 3747 1305 3836; baseline -0.002 -20"><span class='ocrx_word' id='word_1_247' title='bbox 263 3751 307 3817; x_wconf 80' lang='lat'><strong>20</strong></span> <span class='ocrx_word' id='word_1_248' title='bbox 329 3753 499 3832; x_wconf 77' lang='lat' dir='ltr'><strong>aSocrate3</strong></span> <span class='ocrx_word' id='word_1_249' title='bbox 521 3775 660 3820; x_wconf 87' lang='lat' dir='ltr'><strong>socerum</strong></span> <span class='ocrx_word' id='word_1_250' title='bbox 674 3753 781 3817; x_wconf 87' lang='lat' dir='ltr'><strong>habuit</strong></span> <span class='ocrx_word' id='word_1_251' title='bbox 794 3753 1016 3836; x_wconf 84' lang='lat' dir='ltr'><strong>Hipponicum,</strong></span> <span class='ocrx_word' id='word_1_252' title='bbox 1040 3751 1174 3815; x_wconf 85' lang='lat' dir='ltr'><strong>omnium</strong></span> <span class='ocrx_word' id='word_1_253' title='bbox 1190 3747 1305 3816; x_wconf 80' lang='grc'><strong>(1111111</strong></span> 
     </span>
    </p>
   </div>
   <div class='ocr_carea' id='block_1_7' title="bbox 0 0 1378 4486">
    <p class='ocr_par' dir='ltr' id='par_1_21' title="bbox 0 0 1378 4486">
     <span class='ocr_line' id='line_1_36' title="bbox 0 0 1378 4486; baseline 0 10"><span class='ocrx_word' id='word_1_254' title='bbox 0 0 1378 4486; x_wconf 95' lang='lat' dir='ltr'><strong> </strong></span> 
     </span>
    </p>
   </div>
  </div>
 </body>
</html>
