2748 4486
399 383 470 447 vn.
493 383 724 448 hissenus.
979 329 1054 451 'se
1177 348 1182 366 ⁸

62 561 278 623 eststomnss
288 557 372 639 sepit
382 557 548 618 maximam
557 559 674 637 pestem
684 575 799 620 soenes
806 567 1052 640 prestet-nouem,

63 647 181 727 quibus
197 641 306 706 Conon
320 643 435 724 effugit.
479 643 530 704 Ex
545 643 804 723 capessentem,
827 645 880 726 qui
899 645 930 705 in
945 664 1053 708 menos

64 751 139 794 sues
155 731 363 803 devenerunt,
386 729 446 792 inis
460 729 546 790 milis
565 729 714 809 supplicio
728 729 890 810 Lysander
903 727 1005 792 offecit
1018 751 1054 794 so

62 837 105 880 ne
120 815 250 898 sepeliri
265 814 390 894 quidem
405 831 532 896 eorpore.
544 833 653 895 passus
668 820 725 880 est.
753 815 873 877 Deinde
887 835 928 878 ex
943 817 1052 878 cetenis

61 903 194 966 urbibus
208 900 381 980 insulisque
392 900 547 980 praesidio
555 900 788 962 Atheniensium
803 902 921 983 expulit
935 919 1052 964 omnes
1072 895 1095 965 5

63 1009 126 1070 que
148 987 267 1048 milites
287 985 457 1048 incolumes
475 986 590 1048 dimisit
605 1005 641 1047 ee
655 987 845 1064 eondioione‚
866 992 901 1050 ut
915 987 1053 1051 Athenas

65 1095 103 1136 se
116 1073 308 1147 molestent,
336 1075 496 1152 reputans,
524 1091 585 1152 quo
611 1072 716 1152 plures
738 1073 875 1134 homines
895 1073 969 1135 illue
984 1093 1053 1136 eon-

67 1160 243 1240 iiuxissent,
259 1175 296 1219 eo
312 1157 443 1218 eeienius
457 1156 660 1218 Athenienses
681 1159 815 1220 omnium
834 1175 937 1220 rerum
951 1161 1054 1242 inopie

66 1263 192 1328 pressos
207 1261 278 1304 sese
293 1243 457 1306 dedituros.

110 1331 159 1392 Ae
174 1347 247 1392 enm
260 1329 387 1390 nuntius
401 1331 504 1390 eneas
518 1329 615 1389 cledis
625 1328 762 1391 Athenas
775 1329 911 1409 perlatus
923 1333 1012 1406 esset,
1034 1330 1082 1392 IV
1099 1328 1140 1392 10

68 1435 175 1482 omnes
189 1415 310 1476 relietis
325 1413 464 1476 domibus
479 1433 533 1494 per
548 1415 655 1476 urbem
670 1413 853 1491 discurrunt,
868 1414 947 1475 elius
960 1416 1055 1478 olium

67 1503 259 1576 scissitans,
286 1501 442 1562 auetorem
470 1497 568 1562 nuntii
596 1500 737 1580 requirit,
767 1502 798 1560 in
823 1501 922 1562 forum
947 1503 1056 1562 eoeunt

68 1595 161 1668 etque
175 1587 221 1648 ibi
236 1605 293 1667 per
304 1589 401 1647 min
410 1587 693 1648 noetemfortenem
704 1587 858 1667 publioem
870 1605 1055 1666 eonquonun-

67 1681 129 1739 tur.
173 1671 270 1733 Haud
291 1672 338 1732 ite
363 1671 459 1732 multo
485 1675 555 1752 post
575 1672 677 1733 hostes
707 1673 818 1734 adsunt
839 1675 871 1734 et
899 1673 1056 1736 obsidione

69 1759 261 1822 oireumdsta
276 1759 417 1819 obsessos
431 1758 513 1818 fenne
526 1760 666 1837 urguent.
695 1755 837 1819 Seiebont
852 1759 940 1835 enim,
956 1779 1054 1840 neque
1077 1751 1119 1818 15

71 1865 117 1908 ex
132 1843 270 1905 edeeotis
286 1843 382 1922 copiis
397 1843 528 1904 muitum
543 1861 716 1923 superesse,
733 1847 765 1905 et
778 1863 816 1904 ne
831 1863 927 1905 novae
943 1846 1055 1908 advehi
1070 1865 1078 1880 ·

71 1931 203 2013 possent
226 1929 429 2008 providerent.
476 1927 597 1998 Quibus
621 1928 710 1990 molis
736 1927 941 1990 Athenienses
965 1931 1055 1991 irseti

75 2018 151 2097 pest
161 2014 286 2092 longem-
296 2015 408 2076 semem
424 2018 455 2076 et
469 2015 592 2075 assidue
606 2033 730 2079 suorum
744 2015 852 2074 funere
862 2033 969 2094 peeem
979 2015 1055 2094 peti-

75 2103 200 2174 venunt3
226 2117 302 2179 quse
324 2119 398 2160 noun
420 2100 488 2160 deni
502 2104 620 2180 posset,
645 2100 697 2160 diu
712 2100 792 2160 inter
806 2100 903 2160 sooios
919 2103 950 2160 et
964 2099 1056 2160 haee

70 2186 250 2248 daemonius
277 2185 481 2247 deliberatum
504 2189 559 2248 est.
590 2183 666 2247 Cum
684 2185 772 2246 multi
785 2184 947 2246 delendum
962 2185 1057 2246 Athe·
1078 2179 1122 2244 20

71 2271 226 2334 niensium
247 2286 359 2332 nomen
380 2272 547 2350 urbemque
567 2271 706 2332 incendio
730 2271 965 2349 consumendam
989 2290 1057 2332 een·

71 2362 189 2432 serent,
221 2361 373 2434 negarunt
394 2356 626 2418 Leoedoemonii
647 2375 679 2417 se
700 2375 741 2417 ex
769 2357 886 2417 duobus
908 2353 1058 2419 Goeeoiae

70 2445 169 2506 oeulis
184 2441 319 2502 alterum
334 2445 481 2517 eruturus,
495 2459 602 2522 paoem
617 2441 752 2522 pollioiti‚
769 2443 796 2502 si
807 2441 941 2504 demisse
951 2442 1057 2505 Pires-

71 2549 143 2592 eum
155 2527 824 2608 versusmunibnoobisdeioerentnevesque,
835 2547 913 2608 quae
923 2529 1058 2608 seliquas

72 2617 184 2689 essent,
202 2616 326 2694 praeter
340 2613 668 2674 duodeeimtrsderent
677 2631 787 2694 resque
797 2615 920 2694 publiea
929 2615 1059 2694 triginta
1080 2605 1122 2670 25

70 2705 210 2762 restores
226 2717 246 2760 s
259 2719 294 2760 se
307 2698 467 2761 institutos
477 2699 643 2779 eoeiperet;
658 2710 818 2780 praetereo
831 2700 955 2761 exsules
968 2700 1058 2762 redu-

71 2789 185 2868 serent¹
201 2787 235 2845 et
257 2784 367 2846 iisdem
391 2785 497 2846 emiois
522 2785 712 2864 inimieisque
733 2785 782 2844 nsi
803 2784 1059 2846 Leoedaemonios

72 2879 105 2934 et
127 2877 214 2934 terne
235 2872 268 2930 et
286 2871 364 2932 meri
383 2871 476 2931 duees
496 2873 703 2950 sequerentur.
746 2870 784 2932 In
798 2871 854 2932 hos
869 2869 1059 2930 eondieiones

70 2959 191 3024 deditio
207 2956 242 3016 fit
257 2959 288 3018 et
302 2956 496 3018 tibieinoium
511 2957 736 3018 eentnmoenia
756 2956 962 3032 destruuntur,
983 2957 1059 3016 tem-

73 3061 168 3124 quom
181 3043 211 3102 is
226 3041 294 3102 dies
310 3039 460 3104 Groeeise
473 3041 627 3102 libentetis
638 3042 781 3122 princeps
795 3043 884 3102 esset.
1081 3030 1125 3096 30

162 3127 326 3208 Lysander
345 3129 447 3190 eutem
467 3132 568 3189 rostro
587 3131 744 3208 septenum
766 3125 890 3190 nedum
912 3126 944 3186 et
967 3123 1061 3186 Ath-
1083 3118 1114 3180 V

73 3213 230 3276 niensium
244 3229 341 3274 neves
355 3216 387 3280 et
401 3230 537 3289 oenones,
557 3231 638 3293 quas
647 3232 669 3274 e
687 3213 862 3274 oivitstibus
883 3213 961 3274 dono
976 3227 1061 3272 eoos-

75 3301 179 3382 peiet‚
194 3301 235 3358 et
257 3299 486 3379 quadringente
496 3299 691 3380 septuagints
704 3299 829 3375 telonio,
851 3317 929 3379 quae
943 3297 1062 3376 relique

74 3387 168 3447 aaut
181 3383 255 3445 etsi
270 3400 347 3465 quse
361 3385 426 3446 ulie
436 3385 515 3446 bello
531 3387 666 3465 sepehet,
689 3383 948 3447 Laeedeemonem
968 3382 1060 3444 misit.

77 3472 158 3552 Ipse
166 3481 276 3532 rursus
294 3467 335 3532 sd
349 3469 510 3532 'lhrseionu
531 3469 685 3551 prodeotus
706 3472 754 3532 eet
768 3469 870 3550 ibique
885 3468 1014 3548 superbe
1028 3485 1063 3528 se
1084 3460 1127 3526 35

75 3555 187 3635 gessit
210 3555 348 3618 Vieborie
362 3557 461 3618 elutus
475 3575 544 3618 enm
559 3558 650 3618 ente
664 3573 785 3637 semper
793 3555 939 3617 feodosus
946 3553 1062 3614 undu·

78 3661 139 3722 que
154 3641 280 3716 inisset,
303 3642 349 3702 sie
371 3642 430 3704 sibi
445 3641 586 3717 indulsit,
611 3641 727 3702 eteius
741 3640 881 3721 operein
895 3638 1065 3701 monimum

76 3728 184 3789 odium
210 3724 360 3790 G¹nseeise
385 3727 617 3791 Lsoedeemonii
642 3728 846 3810 pewenhent.
889 3725 1065 3790 Nemeum
