2748 4486
400 431 461 490 ΙΠ.
485 427 713 491 ARISTIDES.
1008 427 1048 491 21

69 601 288 683 proferebatur,
304 600 489 663 traditurum
503 600 698 682 respondisse
712 600 840 676 dicitu,
863 600 1005 662 oblivisci
1020 621 1055 662 se

69 688 163 749 malle
182 687 314 762 discere3
337 686 427 748 credo
448 687 529 766 quod
552 687 718 749 haerebant
737 687 770 747 in
785 685 939 761 memoria,
964 704 1054 767 quae·

51 771 552 856 Ι111111111111111111111111111.
595 771 686 834 Illius
704 772 839 833 consiliis
860 772 975 834 factum
998 774 1054 845 est,

68 863 102 919 ut
111 856 223 920 Graeci
234 878 281 920 ex
294 857 429 938 ingentis
445 856 518 918 belli
532 857 700 920 terroribus
708 857 843 920 victores
854 858 1055 933 discederent,

69 963 103 1006 ao
117 944 178 1004 nisi
192 943 247 1005 ille
267 944 390 1018 fuisset,
412 943 494 1005 haud
515 943 577 1005 scic
600 962 639 1007 an
654 940 785 1007 Graecia
804 943 931 1024 impetui
946 943 1055 1005 barba·
1076 938 1098 1003 5

69 1049 173 1092 rorum
189 1029 408 1090 succubuisset.
453 1028 596 1090 Eundem
617 1032 719 1091 tamen
741 1029 789 1090 sui
803 1029 882 1091 lucri
897 1029 1055 1092 studiosis-

51 1169 52 1172 ,
70 1117 190 1190 simum,
203 1115 427 1190 avarissimum,
438 1118 560 1197 praeter
569 1114 901 1189 modumambitiosum‚
912 1115 1058 1176 callidum

70 1202 172 1277 luisse,
189 1200 264 1263 satia
280 1200 378 1262 multa
395 1200 538 1283 exempla
552 1201 668 1262 docent.
705 1200 747 1262 Et
761 1205 845 1262 recte
861 1198 966 1262 Cicero
983 1199 1059 1261 dicit

71 1288 151 1347 hunc
165 1287 198 1347 in
212 1287 251 1347 iis
266 1286 370 1361 fuisse,
387 1286 440 1367 qui
454 1286 546 1349 facila
562 1286 706 1361 celarent,
723 1287 868 1360 tacerent,
885 1285 1057 1346 dissimula·

71 1375 147 1448 rent,
168 1372 400 1449 insidiarentur,
424 1373 634 1454 praeriperent
656 1370 788 1434 hostium
810 1371 950 1445 consilia,
975 1369 1056 1451 quod
1079 1367 1121 1431 10

72 1458 144 1519 satis
158 1477 199 1519 ex
212 1458 252 1518 iis
266 1462 401 1538 apparet,
418 1477 494 1538 quae
509 1458 548 1519 de
559 1478 595 1520 eo
604 1458 804 1520 narravimus.
827 1455 929 1520 Unum
942 1457 1057 1518 addere

51 1545 186 1624 placet,
220 1563 261 1604 ex
287 1563 346 1623 quc
377 1543 543 1623 singularis
576 1544 722 1625 pecuniae
752 1544 862 1627 cupido
890 1543 980 1605 huius
1005 1541 1057 1603 vel

71 1629 205 1691 maxime
220 1629 364 1707 cognosci
377 1629 482 1709 possit.
521 1626 600 1692 (lum
616 1626 727 1691 Graeci
743 1630 781 1690 de
795 1628 897 1690 reditu
913 1631 952 1690 ab
966 1627 1057 1689 Arte

52 1775 53 1780 ,
71 1715 157 1778 misio
168 1715 306 1797 parando
318 1715 496 1794 cogitarent,
515 1715 633 1777 incolae
644 1715 787 1777 Euboeae
800 1715 918 1777 insulae
929 1713 1059 1794 triginta

53 1800 186 1864 'talenta
206 1801 235 1861 ei
254 1801 417 1878 miserunt,
447 1821 486 1862 ne
514 1801 599 1882 prius
628 1801 735 1863 classis
757 1801 829 1862 inde
850 1799 1057 1875 reduceretur,
1082 1793 1123 1860 lb

52 1882 55 1972 J
72 1907 166 1966 quam
186 1906 220 1946 se
233 1905 345 1967 suaque
360 1886 393 1948 in
408 1889 508 1948 tutum
528 1887 735 1948 contulissent.
779 1885 822 1947 Et
835 1885 1057 1947 Themistocles

72 1970 247 2054 Eurybiadi
257 1973 376 2051 quidem
387 1971 627 2034 Lacedaemonio
640 1972 780 2051 quinque,
795 1970 960 2032 Adimanto
973 1988 1058 2043 vero,

51 2135 52 2144 ἵ
75 2055 300 2119 Corinthiorum
322 2058 407 2133 duci,
439 2057 500 2119 tria
519 2057 648 2133 talenta,
680 2056 775 2116 11111
796 2055 829 2116 id
850 2055 1057 2138 persuaderet,

51 2217 52 2220 Ἴ
72 2143 196 2219 obtulit,
219 2141 274 2204 sed
289 2143 348 2204 sibi
362 2142 508 2206 maiorem
523 2145 642 2224 partem
656 2140 829 2205 reservavit
843 2147 875 2202 et
888 2138 1058 2201 maximum

51 2227 52 2234 ’
72 2228 192 2290 lucrum
211 2229 297 2304 fecit,
322 2247 392 2292 cnm
412 2233 571 2311 praeterea
592 2227 655 2288 illis
677 2247 712 2288 se
725 2227 810 2288 iussu
824 2225 1058 2288 Atheniensium
1080 2220 1123 2287 20

74 2333 138 2376 eam
152 2314 314 2395 pecuniam
329 2313 452 2376 dedisse
468 2314 633 2376 simularet.

461 2589 667 2598 ...ma——

397 2807 479 2888 111.
506 2805 732 2888 Aristides

76 2981 248 3072 Arrsrmns,
265 2995 442 3078 Lysimachi
455 2995 546 3070 filius,
562 2993 760 3055 Atheniensis
775 2993 911 3074 aequalis
925 2992 1062 3054 11111111
1083 2992 1100 3053 l

51 3087 52 3158 j
76 3081 283 3146 Themistocli.
326 3080 360 3141 Is
382 3080 448 3142 sine
469 3080 561 3141 dubio
577 3080 710 3160 optimus
725 3082 757 3141 et
770 3079 955 3140 iustissimus
970 3079 1060 3141 homo

74 3167 204 3229 Athenis
219 3167 280 3228 suit
293 3165 430 3246 adeoque
443 3165 617 3228 excellebat
631 3165 819 3242 innocentia,
842 3167 877 3226 ut
899 3184 978 3226 unus
993 3167 1063 3246 post

51 3275 52 3278 ¹
72 3253 230 3315 hominum
241 3251 428 3328 memoriam,
441 3271 533 3332 quem
544 3251 667 3334 quidem
676 3271 731 3313 nos
745 3250 939 3326 audierimus,
952 3268 1061 3330 eogno-

72 3339 155 3400 mine
175 3338 277 3400 iustus
291 3337 333 3400 sit
354 3338 534 3419 appellatus.
570 3334 648 3398 Oum
668 3336 830 3417 aliquando
852 3335 1063 3398 adversarium
1083 3331 1105 3397 5

72 3423 102 3483 in
124 3423 274 3486 iudicium
295 3424 485 3499 vocavisset,
515 3442 585 3484 cum
607 3421 724 3482 iudices
746 3421 936 3484 accusatione
957 3420 1063 3482 audita

73 3527 153 3587 eum,
169 3509 394 3591 undepetebat,
406 3509 512 3572 audire
523 3508 649 3584 nollent,
665 3506 835 3569 1111111111
846 3509 882 3569 ut
892 3505 1063 3568 sentcntiae
1128 3496 1136 3526 ³

73 3593 249 3656 dicerentur
276 3597 451 3677 poscerent,
482 3594 548 3674 ipse
572 3593 772 3674 supplicavit,
802 3595 837 3655 ut
865 3591 1061 3653 adversarius

73 3679 232 3743 audiretur
253 3681 343 3762 eique
361 3680 410 3741 ius
430 3699 521 3741 suum
545 3679 733 3741 redderetur.
784 3677 872 3741 Idem
893 3695 963 3738 cum
981 3677 1062 3740 inter

72 3765 212 3844 privatos
227 3766 304 3829 duos
319 3765 456 3828 homines
467 3764 555 3827 litem
566 3763 732 3841 dirimeret,
748 3763 845 3828 altero
862 3763 991 3841 dicente,
1006 3763 1059 3825 ad·
1086 3760 1128 3826 10
