2720 4482
290 327 332 393 88
623 325 711 390 XVI.
735 324 930 388 PHOOION.

289 508 388 575 satus,
415 498 494 580 quod
519 498 681 560 Piraeeum
694 497 840 560 Nicanori
865 497 1057 579 prodidisset,
1085 517 1126 560 ex
1150 499 1278 560 consilii

290 586 440 647 sententia
453 584 486 645 in
502 585 669 646 custodiam
684 585 836 646 coniectus
847 583 985 646 Athenas
1000 585 1148 646 deductus
1164 588 1220 660 est,
1238 589 1277 646 nt

290 672 333 733 ibi
348 671 468 750 legibus
483 671 521 732 de
536 691 571 733 eo
584 670 672 732 fieret
687 669 841 731 iudicium.

222 757 271 822 IV
377 757 447 819 Huc
469 760 650 837 peruentum
673 758 735 831 est,
763 755 923 835 cumipse
949 773 1018 817 cum
1039 756 1102 818 suis
1128 755 1278 817 uehiculo

247 841 269 907 5
291 846 471 924 portaretur.
516 843 624 921 Magni
638 860 802 902 concursus
816 845 887 902 sunt
905 842 991 917 facti,
1016 861 1085 902 cum
1106 839 1159 902 alii
1179 843 1281 902 remi-

173 953 181 974 ·
291 929 442 990 uincentes
455 929 569 990 veteris
583 929 681 990 famae
695 928 804 989 aetatis
816 927 1039 1003 misererentur,
1056 927 1179 1007 plurimi
1194 946 1278 990 vero

292 1015 338 1076 ira
352 1017 573 1076 exacuerentur
587 1017 712 1095 propter
732 1012 911 1094 proditionis
933 1013 1135 1094 suspicionem
1149 1012 1277 1074 Piraeei

292 1101 486 1179 maximeque
506 1100 586 1181 quod
607 1099 754 1162 aduersus
776 1099 882 1180 populi
896 1099 1053 1160 commoda
1066 1100 1099 1160 in
1113 1102 1279 1161 senectute

292 1189 427 1247 steterat.
472 1184 542 1255 Qua
566 1186 605 1246 de
628 1204 662 1246 re
686 1204 725 1245 ue
750 1184 912 1265 perorandi
937 1185 1059 1264 quidem
1079 1185 1109 1246 ei
1129 1185 1201 1246 data
1223 1189 1278 1245 est

229 1270 271 1337 10
291 1272 420 1335 facultas
435 1276 467 1332 et
486 1271 607 1333 dicendi
627 1289 749 1332 oausam
771 1271 803 1330 iu
823 1269 946 1344 iudicio;
973 1271 1121 1349 legitimis
1148 1270 1281 1350 quibus·-

294 1359 364 1420 dam
379 1358 523 1420 confectis
537 1359 699 1420 damnatus
714 1356 842 1418 traditus
858 1357 904 1416 est
918 1355 1145 1433 undecimviris,
1161 1356 1277 1435 quibus

294 1445 333 1505 ad
348 1443 531 1525 supplicium
550 1463 635 1504 more
649 1441 879 1503 Atheniensium
897 1441 1019 1522 publice
1034 1441 1167 1503 damuati
1191 1441 1277 1502 tradi

293 1529 399 1591 solent.
445 1528 506 1589 Hic
531 1547 599 1588 cum
625 1528 664 1587 ad
679 1533 808 1589 mortem
829 1527 1003 1603 duceretur,
1032 1527 1140 1589 obvius
1162 1526 1192 1588 ei
1214 1527 1276 1588 fnit

293 1613 490 1693 Euphiletus,
514 1633 573 1692 quo
597 1612 786 1674 familiariter
806 1613 907 1674 fuerat
927 1631 1007 1676 usus.
1052 1615 1085 1674 Is
1100 1631 1169 1673 cum
1183 1613 1279 1674 lacri-

231 1698 271 1764 15
293 1695 1277 1780 mausdixissetOquamindiguaperpeteris,Phocion,

293 1785 365 1845 huic
379 1784 432 1846 ille
446 1783 497 1846 At
510 1804 581 1846 non
596 1784 811 1864 inopinata,
826 1784 932 1864 inquit,
956 1785 1052 1844 huno
1066 1784 1167 1845 enim
1190 1785 1274 1846 exi·

294 1868 1273 1953 tumpleriqueolariririhabueruntAthenienses.

294 1955 370 2021 Cum
384 1956 562 2039 proditionis
577 1956 738 2018 damnatus
751 1960 841 2032 esset,
862 1975 923 2017 non
936 1956 1025 2016 licuit
1037 1975 1106 2016 eum
1120 1955 1153 2016 in
1168 1954 1279 2016 Attica

293 2043 424 2126 sepeliri.
468 2042 577 2122 ltaque
594 2039 749 2122 Conopion
764 2041 900 2122 quidam,
922 2043 973 2122 qui
995 2042 1135 2103 mercede
1161 2042 1276 2103 condu—

230 2129 273 2195 20
295 2135 361 2191 0303
372 2128 404 2191 id
415 2130 514 2190 facere
525 2128 649 2203 solebat,
666 2146 775 2209 corpus
784 2128 817 2188 in
831 2127 958 2189 confinio
968 2127 1137 2207 Megaridis
1152 2129 1276 2189 combu-

294 2214 422 2277 rendum
442 2215 577 2294 suscepit
597 2215 761 2275 adiurante
786 2212 914 2274 muliere
932 2213 1107 2292 Megarensi
1129 2231 1200 2274 cum
1222 2232 1276 2274 au·

296 2301 388 2376 cillis,
415 2319 492 2381 quae
518 2319 588 2361 ossa
609 2299 673 2359 eius
699 2318 802 2360 secum
828 2299 950 2360 domum
971 2298 1097 2360 abstulit
1122 2303 1154 2360 et
1179 2317 1276 2380 prope

295 2387 395 2448 focum
418 2384 565 2458 condidit,
589 2402 658 2445 curn
678 2385 792 2445 diceret
814 2383 912 2459 Tibi,
938 2405 955 2446 o
977 2403 1063 2445 care
1086 2384 1184 2460 foce,
1207 2386 1275 2446 has

297 2470 501 2550 uiriprobi
523 2468 715 2549 reliquias
741 2470 949 2544 committo;
975 2473 1015 2532 tu
1040 2489 1105 2531 eas
1129 2471 1272 2532 reddas

232 2555 275 2622 25
298 2555 460 2616 tumulis
475 2553 629 2635 patriiS,
647 2572 726 2615 000
738 2552 1274 2617 Atheniensesadsanitatem

297 2639 650 2721 redirecoeperint.

246 2730 276 2792 V
382 2726 476 2788 Brevi
490 2730 592 2788 autem
603 2730 739 2807 tempore
749 2729 870 2807 peracto
884 2745 953 2787 oum
964 2746 1014 2788 res
1024 2727 1108 2807 ipsae
1120 2727 1275 2802 docerent,

296 2813 417 2896 qualern
437 2816 662 2896 praeceptorem
686 2815 717 2873 et
738 2814 894 2875 custodem
908 2813 1127 2894 temperantiae
1142 2817 1175 2873 et
1188 2813 1275 2874 iusti-

296 2903 357 2963 tiae
371 2900 501 2981 populus
516 2899 681 2975 amisisset,
707 2902 839 2961 statuam
864 2919 988 2961 aeneam
1009 2899 1038 2959 ei
1058 2905 1224 2960 erexerunt
1244 2901 1276 2960 et.

232 2985 275 3049 30
297 3005 366 3048 ossa
387 2985 509 3066 publico
530 2987 654 3065 sumptu
677 2985 815 3064 sepulcro
837 2984 1043 3046 condiderunt.
1088 2983 1139 3044 Ex
1152 3003 1275 3046 accusa·

297 3071 414 3132 toribus
433 3091 506 3132 uero
520 3070 704 3150 Agnoniden
724 3071 831 3150 capitis
853 3071 1027 3132 damnatum
1046 3069 1275 3144 interfecerunt,

297 3155 464 3236 Epicurum
490 3159 521 3216 et
545 3155 771 3236 Demophilum,
808 3156 860 3235 qui
892 3175 932 3215 ex
964 3155 1039 3216 urbe
1067 3157 1275 3235 profugerant,

297 3241 417 3302 Phocus
432 3239 513 3301 filius
528 3244 634 3321 postea
647 3240 730 3301 ultus
745 3243 798 3301 eet.
845 3239 931 3309 Quae
954 3244 1053 3302 autem
1069 3242 1107 3302 de
1120 3240 1278 3304 Phocione

297 3328 380 3390 facta
409 3328 510 3401 erant,
543 3326 655 3406 populo
681 3323 814 3388 Socratis
837 3327 1015 3388 memoriam
1040 3329 1275 3402 renovaverunt,

234 3412 276 3477 35
299 3413 386 3474 cuius
420 3412 572 3474 damuatio
610 3411 702 3473 simili
738 3409 910 3474 calamitate
939 3413 1096 3474 civitatem
1124 3411 1276 3475 affecerat.

297 3499 431 3561 Phocion
445 3498 581 3560 inbellis
596 3516 664 3558 cum
678 3497 829 3578 Philippo,
852 3497 1053 3560 Macedonum
1067 3518 1154 3579 rege,
1178 3500 1275 3578 gestis

298 3586 432 3646 maxime
468 3603 591 3666 operam
625 3584 810 3664 reipublicae
827 3588 1021 3662 ¹navarerat;
1056 3584 1216 3664 quinquies
1244 3587 1276 3645 et

298 3670 481 3750 quadragies
501 3670 686 3733 exercitibus
706 3671 879 3751 praefuerat
897 3690 957 3733 uno
978 3671 1112 3733 omnium
1128 3689 1272 3734 consensu
