<?xml version="1.0" encoding="UTF-8"?>
<!DOCTYPE html PUBLIC "-//W3C//DTD XHTML 1.0 Transitional//EN"
    "http://www.w3.org/TR/xhtml1/DTD/xhtml1-transitional.dtd">
<html xmlns="http://www.w3.org/1999/xhtml" xml:lang="en" lang="en">
 <head>
  <title>
</title>
<meta http-equiv="Content-Type" content="text/html;charset=utf-8" />
  <meta name='ocr-system' content='tesseract 3.04.00' />
  <meta name='ocr-capabilities' content='ocr_page ocr_carea ocr_par ocr_line ocrx_word'/>
</head>
<body>
  <div class='ocr_page' id='page_1' title='image "./liberdeexcelben01nepogoog_0051.png"; bbox 0 0 2730 4460; ppageno 0'>
   <div class='ocr_carea' id='block_1_1' title="bbox 322 316 1015 460">
    <p class='ocr_par' dir='ltr' id='par_1_1' title="bbox 322 316 1015 460">
     <span class='ocr_line' id='line_1_1' title="bbox 322 316 1015 460; baseline -0.009 0"><span class='ocrx_word' id='word_1_1' title='bbox 322 391 366 460; x_wconf 81' lang='lat'><strong>20</strong></span> <span class='ocrx_word' id='word_1_2' title='bbox 615 316 659 455; x_wconf 74' lang='lat' dir='ltr'><strong>M.</strong></span> <span class='ocrx_word' id='word_1_3' title='bbox 688 389 1015 456; x_wconf 77' lang='lat' dir='ltr'><strong>THEMISTOGLES.</strong></span> 
     </span>
    </p>
   </div>
   <div class='ocr_carea' id='block_1_2' title="bbox 253 560 1323 3041">
    <p class='ocr_par' dir='ltr' id='par_1_2' title="bbox 324 560 1306 648">
     <span class='ocr_line' id='line_1_2' title="bbox 324 560 1306 648; baseline -0.002 -20"><span class='ocrx_word' id='word_1_4' title='bbox 324 563 412 628; x_wconf 81' lang='lat' dir='ltr'><strong>dacio</strong></span> <span class='ocrx_word' id='word_1_5' title='bbox 426 560 640 648; x_wconf 76' lang='lat' dir='ltr'><strong>simulaverat)</strong></span> <span class='ocrx_word' id='word_1_6' title='bbox 656 563 714 626; x_wconf 89' lang='lat' dir='ltr'><strong>ita</strong></span> <span class='ocrx_word' id='word_1_7' title='bbox 727 581 827 626; x_wconf 91' lang='lat' dir='ltr'><strong>nunc</strong></span> <span class='ocrx_word' id='word_1_8' title='bbox 841 583 988 645; x_wconf 90' lang='lat' dir='ltr'><strong>quoque</strong></span> <span class='ocrx_word' id='word_1_9' title='bbox 1003 563 1037 624; x_wconf 86' lang='lat' dir='ltr'><strong>is</strong></span> <span class='ocrx_word' id='word_1_10' title='bbox 1052 583 1144 640; x_wconf 89' lang='lat' dir='ltr'><strong>sum,</strong></span> <span class='ocrx_word' id='word_1_11' title='bbox 1166 565 1237 645; x_wconf 92' lang='lat' dir='ltr'><strong>qui</strong></span> <span class='ocrx_word' id='word_1_12' title='bbox 1254 565 1306 626; x_wconf 89' lang='lat' dir='ltr'><strong>tib</strong></span> 
     </span>
    </p>

    <p class='ocr_par' dir='ltr' id='par_1_3' title="bbox 323 649 1318 818">
     <span class='ocr_line' id='line_1_3' title="bbox 323 649 1318 818; baseline 0.001 -21"><span class='ocrx_word' id='word_1_13' title='bbox 323 649 1318 818; x_wconf 50' lang='lat' dir='ltr'><strong>llll:tlttlrtssztl:lttlllftllt{atat</strong></span> 
     </span>
    </p>

    <p class='ocr_par' dir='ltr' id='par_1_4' title="bbox 281 819 1315 987">
     <span class='ocr_line' id='line_1_4' title="bbox 324 819 1315 903; baseline -0.001 -20"><span class='ocrx_word' id='word_1_14' title='bbox 324 821 424 883; x_wconf 83' lang='lat' dir='ltr'><strong>tiam.</strong></span> <span class='ocrx_word' id='word_1_15' title='bbox 447 819 868 901; x_wconf 83' lang='lat' dir='ltr'><strong>Anncperactocoram</strong></span> <span class='ocrx_word' id='word_1_16' title='bbox 886 821 930 881; x_wconf 92' lang='lat' dir='ltr'><strong>de</strong></span> <span class='ocrx_word' id='word_1_17' title='bbox 944 821 996 882; x_wconf 90' lang='lat' dir='ltr'><strong>iis</strong></span> <span class='ocrx_word' id='word_1_18' title='bbox 1009 821 1137 895; x_wconf 89' lang='lat' dir='ltr'><strong>rebus,</strong></span> <span class='ocrx_word' id='word_1_19' title='bbox 1154 825 1315 903; x_wconf 81' lang='lat' dir='ltr'><strong>propter</strong></span> 
     </span>
     <span class='ocr_line' id='line_1_5' title="bbox 281 906 811 987; baseline -0.008 -17"><span class='ocrx_word' id='word_1_20' title='bbox 281 907 303 970; x_wconf 79' lang='lat'>5</span> <span class='ocrx_word' id='word_1_21' title='bbox 325 906 537 987; x_wconf 86' lang='lat' dir='ltr'><strong>quasveni,</strong></span> <span class='ocrx_word' id='word_1_22' title='bbox 554 909 678 966; x_wconf 87' lang='lat' dir='ltr'><strong>tecum</strong></span> <span class='ocrx_word' id='word_1_23' title='bbox 693 924 811 984; x_wconf 81' lang='lat' dir='ltr'><strong>agam.</strong></span> 
     </span>
    </p>

    <p class='ocr_par' dir='ltr' id='par_1_5' title="bbox 253 990 1321 1331">
     <span class='ocr_line' id='line_1_6' title="bbox 253 990 1321 1078; baseline 0.002 -27"><span class='ocrx_word' id='word_1_24' title='bbox 253 993 306 1058; x_wconf 87' lang='lat' dir='ltr'><strong>XI</strong></span> <span class='ocrx_word' id='word_1_25' title='bbox 412 990 513 1052; x_wconf 88' lang='lat' dir='ltr'><strong>Huius</strong></span> <span class='ocrx_word' id='word_1_26' title='bbox 528 1010 584 1053; x_wconf 86' lang='lat' dir='ltr'><strong>rex</strong></span> <span class='ocrx_word' id='word_1_27' title='bbox 599 991 694 1053; x_wconf 92' lang='lat' dir='ltr'><strong>animi</strong></span> <span class='ocrx_word' id='word_1_28' title='bbox 703 990 947 1070; x_wconf 75' lang='lat' dir='ltr'><strong>magnitudinem</strong></span> <span class='ocrx_word' id='word_1_29' title='bbox 956 991 1111 1054; x_wconf 87' lang='lat' dir='ltr'><strong>admirans</strong></span> <span class='ocrx_word' id='word_1_30' title='bbox 1128 991 1321 1078; x_wconf 76' lang='lat' dir='ltr'><strong>cupiensque</strong></span> 
     </span>
     <span class='ocr_line' id='line_1_7' title="bbox 326 1076 1321 1160; baseline 0.001 -22"><span class='ocrx_word' id='word_1_31' title='bbox 326 1077 420 1138; x_wconf 85' lang='lat' dir='ltr'><strong>talem</strong></span> <span class='ocrx_word' id='word_1_32' title='bbox 440 1077 542 1138; x_wconf 86' lang='lat' dir='ltr'><strong>virum</strong></span> <span class='ocrx_word' id='word_1_33' title='bbox 565 1076 626 1138; x_wconf 90' lang='lat' dir='ltr'><strong>sibi</strong></span> <span class='ocrx_word' id='word_1_34' title='bbox 647 1076 803 1139; x_wconf 89' lang='lat' dir='ltr'><strong>conciliari</strong></span> <span class='ocrx_word' id='word_1_35' title='bbox 825 1078 948 1138; x_wconf 86' lang='lat' dir='ltr'><strong>veniam</strong></span> <span class='ocrx_word' id='word_1_36' title='bbox 963 1077 1055 1138; x_wconf 84' lang='lat' dir='ltr'><strong>dedit.</strong></span> <span class='ocrx_word' id='word_1_37' title='bbox 1101 1076 1163 1137; x_wconf 87' lang='lat' dir='ltr'><strong>Mle</strong></span> <span class='ocrx_word' id='word_1_38' title='bbox 1179 1097 1278 1139; x_wconf 89' lang='lat' dir='ltr'><strong>omne</strong></span> <span class='ocrx_word' id='word_1_39' title='bbox 1293 1081 1321 1160; x_wconf 67' lang='lat' dir='ltr'><strong>id,</strong></span> 
     </span>
     <span class='ocr_line' id='line_1_8' title="bbox 326 1161 1321 1243; baseline -0.003 -18"><span class='ocrx_word' id='word_1_40' title='bbox 326 1162 447 1243; x_wconf 81' lang='lat' dir='ltr'><strong>tempus</strong></span> <span class='ocrx_word' id='word_1_41' title='bbox 462 1163 561 1224; x_wconf 83' lang='lat' dir='ltr'><strong>literis</strong></span> <span class='ocrx_word' id='word_1_42' title='bbox 577 1162 769 1242; x_wconf 81' lang='lat' dir='ltr'><strong>sermonique</strong></span> <span class='ocrx_word' id='word_1_43' title='bbox 783 1161 948 1224; x_wconf 81' lang='lat' dir='ltr'><strong>Persarum</strong></span> <span class='ocrx_word' id='word_1_44' title='bbox 963 1163 1094 1238; x_wconf 85' lang='lat' dir='ltr'><strong>studuit,</strong></span> <span class='ocrx_word' id='word_1_45' title='bbox 1119 1163 1164 1223; x_wconf 87' lang='lat' dir='ltr'><strong>ita</strong></span> <span class='ocrx_word' id='word_1_46' title='bbox 1183 1167 1222 1224; x_wconf 87' lang='lat' dir='ltr'><strong>ut</strong></span> <span class='ocrx_word' id='word_1_47' title='bbox 1243 1165 1321 1226; x_wconf 61' lang='lat' dir='ltr'><strong>satis*</strong></span> 
     </span>
     <span class='ocr_line' id='line_1_9' title="bbox 326 1247 1317 1331; baseline 0 -21"><span class='ocrx_word' id='word_1_48' title='bbox 326 1249 482 1311; x_wconf 85' lang='lat' dir='ltr'><strong>commode</strong></span> <span class='ocrx_word' id='word_1_49' title='bbox 504 1248 585 1329; x_wconf 88' lang='lat' dir='ltr'><strong>apud</strong></span> <span class='ocrx_word' id='word_1_50' title='bbox 606 1268 713 1327; x_wconf 82' lang='lat' dir='ltr'><strong>regem</strong></span> <span class='ocrx_word' id='word_1_51' title='bbox 734 1248 830 1309; x_wconf 80' lang='lat' dir='ltr'><strong>uerba</strong></span> <span class='ocrx_word' id='word_1_52' title='bbox 849 1249 951 1310; x_wconf 82' lang='lat' dir='ltr'><strong>iacere</strong></span> <span class='ocrx_word' id='word_1_53' title='bbox 970 1251 1082 1329; x_wconf 86' lang='lat' dir='ltr'><strong>posset.</strong></span> <span class='ocrx_word' id='word_1_54' title='bbox 1127 1247 1167 1308; x_wconf 92' lang='lat' dir='ltr'><strong>In</strong></span> <span class='ocrx_word' id='word_1_55' title='bbox 1190 1268 1317 1331; x_wconf 87' lang='lat' dir='ltr'><strong>conspe-</strong></span> 
     </span>
    </p>

    <p class='ocr_par' dir='ltr' id='par_1_6' title="bbox 262 1333 1316 1756">
     <span class='ocr_line' id='line_1_10' title="bbox 262 1333 1316 1414; baseline -0.007 -15"><span class='ocrx_word' id='word_1_56' title='bbox 262 1334 304 1400; x_wconf 93' lang='grc'><strong>10</strong></span> <span class='ocrx_word' id='word_1_57' title='bbox 326 1337 409 1396; x_wconf 86' lang='lat' dir='ltr'><strong>ctum</strong></span> <span class='ocrx_word' id='word_1_58' title='bbox 426 1333 511 1414; x_wconf 87' lang='lat' dir='ltr'><strong>rogis</strong></span> <span class='ocrx_word' id='word_1_59' title='bbox 534 1335 643 1395; x_wconf 87' lang='lat' dir='ltr'><strong>duetus</strong></span> <span class='ocrx_word' id='word_1_60' title='bbox 670 1352 739 1394; x_wconf 92' lang='lat' dir='ltr'><strong>eum</strong></span> <span class='ocrx_word' id='word_1_61' title='bbox 761 1353 846 1396; x_wconf 89' lang='lat' dir='ltr'><strong>more</strong></span> <span class='ocrx_word' id='word_1_62' title='bbox 877 1334 1040 1395; x_wconf 83' lang='lat' dir='ltr'><strong>Persarum</strong></span> <span class='ocrx_word' id='word_1_63' title='bbox 1067 1338 1239 1396; x_wconf 88' lang='lat' dir='ltr'><strong>veneratus</strong></span> <span class='ocrx_word' id='word_1_64' title='bbox 1263 1350 1316 1396; x_wconf 85' lang='lat' dir='ltr'><strong>est.</strong></span> 
     </span>
     <span class='ocr_line' id='line_1_11' title="bbox 325 1418 1316 1500; baseline 0 -20"><span class='ocrx_word' id='word_1_65' title='bbox 325 1419 446 1481; x_wconf 81' lang='lat' dir='ltr'><strong>Dicitur</strong></span> <span class='ocrx_word' id='word_1_66' title='bbox 472 1423 575 1482; x_wconf 90' lang='lat' dir='ltr'><strong>autem</strong></span> <span class='ocrx_word' id='word_1_67' title='bbox 599 1419 669 1497; x_wconf 86' lang='lat' dir='ltr'><strong>regi</strong></span> <span class='ocrx_word' id='word_1_68' title='bbox 692 1419 847 1500; x_wconf 87' lang='lat' dir='ltr'><strong>pollicitus</strong></span> <span class='ocrx_word' id='word_1_69' title='bbox 868 1439 951 1494; x_wconf 89' lang='lat' dir='ltr'><strong>esse,</strong></span> <span class='ocrx_word' id='word_1_70' title='bbox 976 1418 1003 1479; x_wconf 91' lang='lat' dir='ltr'><strong>si</strong></span> <span class='ocrx_word' id='word_1_71' title='bbox 1026 1419 1089 1479; x_wconf 90' lang='lat' dir='ltr'><strong>suis</strong></span> <span class='ocrx_word' id='word_1_72' title='bbox 1111 1418 1256 1482; x_wconf 90' lang='lat' dir='ltr'><strong>consiliis</strong></span> <span class='ocrx_word' id='word_1_73' title='bbox 1277 1421 1316 1480; x_wconf 85' lang='lat' dir='ltr'><strong>u&#39;</strong></span> 
     </span>
     <span class='ocr_line' id='line_1_12' title="bbox 325 1501 1304 1586; baseline 0.004 -22"><span class='ocrx_word' id='word_1_74' title='bbox 325 1505 431 1579; x_wconf 78' lang='lat' dir='ltr'><strong>vellet,</strong></span> <span class='ocrx_word' id='word_1_75' title='bbox 447 1505 534 1566; x_wconf 90' lang='lat' dir='ltr'><strong>illum</strong></span> <span class='ocrx_word' id='word_1_76' title='bbox 551 1501 713 1566; x_wconf 79' lang='lat' dir='ltr'><strong>Graeciam</strong></span> <span class='ocrx_word' id='word_1_77' title='bbox 728 1504 808 1566; x_wconf 90' lang='lat' dir='ltr'><strong>bello</strong></span> <span class='ocrx_word' id='word_1_78' title='bbox 825 1524 1058 1585; x_wconf 68' lang='lat' dir='ltr'><strong>oppressurum</strong></span> <span class='ocrx_word' id='word_1_79' title='bbox 1081 1505 1205 1583; x_wconf 85' lang='lat' dir='ltr'><strong>maguis</strong></span> <span class='ocrx_word' id='word_1_80' title='bbox 1222 1506 1304 1586; x_wconf 87' lang='lat' dir='ltr'><strong>igitu</strong></span> 
     </span>
     <span class='ocr_line' id='line_1_13' title="bbox 326 1588 1316 1654; baseline 0.001 -4"><span class='ocrx_word' id='word_1_81' title='bbox 326 1589 503 1650; x_wconf 87' lang='lat' dir='ltr'><strong>muneribus</strong></span> <span class='ocrx_word' id='word_1_82' title='bbox 525 1590 564 1652; x_wconf 89' lang='lat' dir='ltr'><strong>ab</strong></span> <span class='ocrx_word' id='word_1_83' title='bbox 583 1588 761 1651; x_wconf 80' lang='lat' dir='ltr'><strong>Artaxerxe</strong></span> <span class='ocrx_word' id='word_1_84' title='bbox 780 1590 911 1651; x_wconf 89' lang='lat' dir='ltr'><strong>donatus</strong></span> <span class='ocrx_word' id='word_1_85' title='bbox 932 1591 965 1652; x_wconf 90' lang='lat' dir='ltr'><strong>in</strong></span> <span class='ocrx_word' id='word_1_86' title='bbox 985 1589 1093 1652; x_wconf 83' lang='lat' dir='ltr'><strong>Asiam</strong></span> <span class='ocrx_word' id='word_1_87' title='bbox 1112 1590 1208 1652; x_wconf 87' lang='lat' dir='ltr'><strong>rediit</strong></span> <span class='ocrx_word' id='word_1_88' title='bbox 1222 1593 1316 1654; x_wconf 89' lang='lat' dir='ltr'><strong>domi·</strong></span> 
     </span>
     <span class='ocr_line' id='line_1_14' title="bbox 329 1673 1315 1756; baseline 0.002 -20"><span class='ocrx_word' id='word_1_89' title='bbox 329 1674 493 1755; x_wconf 89' lang='lat' dir='ltr'><strong>ciliumque</strong></span> <span class='ocrx_word' id='word_1_90' title='bbox 507 1673 688 1755; x_wconf 82' lang='lat' dir='ltr'><strong>Magnesiae</strong></span> <span class='ocrx_word' id='word_1_91' title='bbox 702 1675 761 1736; x_wconf 90' lang='lat' dir='ltr'><strong>sibi</strong></span> <span class='ocrx_word' id='word_1_92' title='bbox 776 1676 943 1738; x_wconf 89' lang='lat' dir='ltr'><strong>constituit.</strong></span> <span class='ocrx_word' id='word_1_93' title='bbox 965 1675 1107 1756; x_wconf 86' lang='lat' dir='ltr'><strong>Namque</strong></span> <span class='ocrx_word' id='word_1_94' title='bbox 1117 1677 1198 1738; x_wconf 85' lang='lat' dir='ltr'><strong>hano</strong></span> <span class='ocrx_word' id='word_1_95' title='bbox 1208 1679 1315 1740; x_wconf 89' lang='lat' dir='ltr'><strong>urbem</strong></span> 
     </span>
    </p>

    <p class='ocr_par' dir='ltr' id='par_1_7' title="bbox 264 1758 1323 2184">
     <span class='ocr_line' id='line_1_15' title="bbox 264 1758 1317 1844; baseline 0 -21"><span class='ocrx_word' id='word_1_96' title='bbox 264 1758 305 1823; x_wconf 84' lang='lat'><strong>15</strong></span> <span class='ocrx_word' id='word_1_97' title='bbox 328 1759 356 1821; x_wconf 91' lang='lat' dir='ltr'><strong>ei</strong></span> <span class='ocrx_word' id='word_1_98' title='bbox 372 1780 429 1821; x_wconf 86' lang='lat' dir='ltr'><strong>rex</strong></span> <span class='ocrx_word' id='word_1_99' title='bbox 444 1760 584 1836; x_wconf 88' lang='lat' dir='ltr'><strong>donarat,</strong></span> <span class='ocrx_word' id='word_1_100' title='bbox 607 1760 655 1822; x_wconf 90' lang='lat' dir='ltr'><strong>his</strong></span> <span class='ocrx_word' id='word_1_101' title='bbox 678 1759 800 1841; x_wconf 92' lang='lat' dir='ltr'><strong>quidem</strong></span> <span class='ocrx_word' id='word_1_102' title='bbox 816 1761 936 1836; x_wconf 84' lang='lat' dir='ltr'><strong>verbis,</strong></span> <span class='ocrx_word' id='word_1_103' title='bbox 960 1779 1038 1839; x_wconf 88' lang='lat' dir='ltr'><strong>quae</strong></span> <span class='ocrx_word' id='word_1_104' title='bbox 1060 1761 1090 1821; x_wconf 90' lang='lat' dir='ltr'><strong>ei</strong></span> <span class='ocrx_word' id='word_1_105' title='bbox 1105 1781 1217 1841; x_wconf 90' lang='lat' dir='ltr'><strong>panem</strong></span> <span class='ocrx_word' id='word_1_106' title='bbox 1232 1783 1317 1844; x_wconf 89' lang='lat' dir='ltr'><strong>prae-</strong></span> 
     </span>
     <span class='ocr_line' id='line_1_16' title="bbox 327 1842 1316 1930; baseline 0.001 -23"><span class='ocrx_word' id='word_1_107' title='bbox 327 1847 414 1908; x_wconf 88' lang='lat' dir='ltr'><strong>beret</strong></span> <span class='ocrx_word' id='word_1_108' title='bbox 444 1842 501 1930; x_wconf 84' lang='lat' dir='ltr'><strong>(ex</strong></span> <span class='ocrx_word' id='word_1_109' title='bbox 526 1865 586 1926; x_wconf 88' lang='lat' dir='ltr'><strong>qua</strong></span> <span class='ocrx_word' id='word_1_110' title='bbox 616 1847 742 1925; x_wconf 80' lang='lat' dir='ltr'><strong>regione</strong></span> <span class='ocrx_word' id='word_1_111' title='bbox 768 1847 983 1926; x_wconf 88' lang='lat' dir='ltr'><strong>quinquagena</strong></span> <span class='ocrx_word' id='word_1_112' title='bbox 1008 1848 1171 1926; x_wconf 88' lang='lat' dir='ltr'><strong>quotannis</strong></span> <span class='ocrx_word' id='word_1_113' title='bbox 1199 1850 1316 1910; x_wconf 84' lang='lat' dir='ltr'><strong>talenta</strong></span> 
     </span>
     <span class='ocr_line' id='line_1_17' title="bbox 326 1931 1323 2014; baseline 0.001 -20"><span class='ocrx_word' id='word_1_114' title='bbox 326 1932 489 2010; x_wconf 88' lang='lat' dir='ltr'><strong>redibant),</strong></span> <span class='ocrx_word' id='word_1_115' title='bbox 509 1931 712 2013; x_wconf 81' lang='lat' dir='ltr'><strong>Lampsacum</strong></span> <span class='ocrx_word' id='word_1_116' title='bbox 726 1942 844 2008; x_wconf 83' lang='lat' dir='ltr'><strong>autem,</strong></span> <span class='ocrx_word' id='word_1_117' title='bbox 867 1932 948 1992; x_wconf 91' lang='lat' dir='ltr'><strong>uude</strong></span> <span class='ocrx_word' id='word_1_118' title='bbox 962 1931 1069 1992; x_wconf 77' lang='lat' dir='ltr'><strong>uinum</strong></span> <span class='ocrx_word' id='word_1_119' title='bbox 1084 1936 1230 2009; x_wconf 87' lang='lat' dir='ltr'><strong>sumeret,</strong></span> <span class='ocrx_word' id='word_1_120' title='bbox 1246 1935 1323 2014; x_wconf 59' lang='lat' dir='ltr'><strong>My,</strong></span> 
     </span>
     <span class='ocr_line' id='line_1_18' title="bbox 326 2016 1316 2098; baseline 0 -18"><span class='ocrx_word' id='word_1_121' title='bbox 326 2021 410 2094; x_wconf 90' lang='lat' dir='ltr'><strong>unta,</strong></span> <span class='ocrx_word' id='word_1_122' title='bbox 427 2038 467 2079; x_wconf 89' lang='lat' dir='ltr'><strong>ex</strong></span> <span class='ocrx_word' id='word_1_123' title='bbox 482 2038 542 2098; x_wconf 90' lang='lat' dir='ltr'><strong>qua</strong></span> <span class='ocrx_word' id='word_1_124' title='bbox 557 2018 714 2080; x_wconf 91' lang='lat' dir='ltr'><strong>obsonium</strong></span> <span class='ocrx_word' id='word_1_125' title='bbox 727 2018 861 2080; x_wconf 87' lang='lat' dir='ltr'><strong>haberet.</strong></span> <span class='ocrx_word' id='word_1_126' title='bbox 885 2016 1117 2080; x_wconf 88' lang='lat' dir='ltr'><strong>Monumentum</strong></span> <span class='ocrx_word' id='word_1_127' title='bbox 1128 2017 1191 2078; x_wconf 89' lang='lat' dir='ltr'><strong>eius</strong></span> <span class='ocrx_word' id='word_1_128' title='bbox 1202 2026 1316 2096; x_wconf 86' lang='lat' dir='ltr'><strong>postea</strong></span> 
     </span>
     <span class='ocr_line' id='line_1_19' title="bbox 327 2103 1323 2184; baseline -0.004 -18"><span class='ocrx_word' id='word_1_129' title='bbox 327 2104 544 2167; x_wconf 86' lang='lat' dir='ltr'><strong>ostendebatur</strong></span> <span class='ocrx_word' id='word_1_130' title='bbox 557 2103 735 2184; x_wconf 82' lang='lat' dir='ltr'><strong>Magnesiae</strong></span> <span class='ocrx_word' id='word_1_131' title='bbox 756 2104 788 2164; x_wconf 95' lang='lat' dir='ltr'><strong>in</strong></span> <span class='ocrx_word' id='word_1_132' title='bbox 809 2104 883 2165; x_wconf 85' lang='lat' dir='ltr'><strong>foro.</strong></span> <span class='ocrx_word' id='word_1_133' title='bbox 928 2104 975 2163; x_wconf 89' lang='lat' dir='ltr'><strong>Do</strong></span> <span class='ocrx_word' id='word_1_134' title='bbox 998 2105 1096 2165; x_wconf 90' lang='lat' dir='ltr'><strong>morte</strong></span> <span class='ocrx_word' id='word_1_135' title='bbox 1117 2103 1177 2163; x_wconf 87' lang='lat' dir='ltr'><strong>eius</strong></span> <span class='ocrx_word' id='word_1_136' title='bbox 1199 2104 1323 2164; x_wconf 81' lang='lat' dir='ltr'><strong>multis</strong></span> 
     </span>
    </p>

    <p class='ocr_par' dir='ltr' id='par_1_8' title="bbox 262 2186 1317 2613">
     <span class='ocr_line' id='line_1_20' title="bbox 262 2186 1317 2270; baseline -0.006 -15"><span class='ocrx_word' id='word_1_137' title='bbox 262 2188 306 2255; x_wconf 81' lang='grc'><strong>20</strong></span> <span class='ocrx_word' id='word_1_138' title='bbox 327 2190 425 2252; x_wconf 91' lang='lat' dir='ltr'><strong>modis</strong></span> <span class='ocrx_word' id='word_1_139' title='bbox 440 2191 521 2270; x_wconf 91' lang='lat' dir='ltr'><strong>apud</strong></span> <span class='ocrx_word' id='word_1_140' title='bbox 535 2190 698 2270; x_wconf 91' lang='lat' dir='ltr'><strong>plerosque</strong></span> <span class='ocrx_word' id='word_1_141' title='bbox 714 2189 862 2269; x_wconf 90' lang='lat' dir='ltr'><strong>scriptum</strong></span> <span class='ocrx_word' id='word_1_142' title='bbox 877 2190 937 2263; x_wconf 88' lang='lat' dir='ltr'><strong>est;</strong></span> <span class='ocrx_word' id='word_1_143' title='bbox 961 2188 1015 2249; x_wconf 86' lang='lat' dir='ltr'><strong>sed</strong></span> <span class='ocrx_word' id='word_1_144' title='bbox 1038 2208 1091 2251; x_wconf 89' lang='lat' dir='ltr'><strong>nos</strong></span> <span class='ocrx_word' id='word_1_145' title='bbox 1111 2186 1243 2247; x_wconf 89' lang='lat' dir='ltr'><strong>eundem</strong></span> <span class='ocrx_word' id='word_1_146' title='bbox 1259 2207 1317 2268; x_wconf 90' lang='lat' dir='ltr'><strong>po-</strong></span> 
     </span>
     <span class='ocr_line' id='line_1_21' title="bbox 327 2271 1317 2354; baseline -0.004 -18"><span class='ocrx_word' id='word_1_147' title='bbox 327 2276 481 2336; x_wconf 84' lang='lat' dir='ltr'><strong>tissimum</strong></span> <span class='ocrx_word' id='word_1_148' title='bbox 495 2274 705 2354; x_wconf 86' lang='lat' dir='ltr'><strong>Thucydidem</strong></span> <span class='ocrx_word' id='word_1_149' title='bbox 728 2276 883 2336; x_wconf 87' lang='lat' dir='ltr'><strong>auctorem</strong></span> <span class='ocrx_word' id='word_1_150' title='bbox 904 2274 1077 2353; x_wconf 87' lang='lat' dir='ltr'><strong>probamus,</strong></span> <span class='ocrx_word' id='word_1_151' title='bbox 1100 2271 1150 2353; x_wconf 90' lang='lat' dir='ltr'><strong>qui</strong></span> <span class='ocrx_word' id='word_1_152' title='bbox 1163 2271 1259 2332; x_wconf 92' lang='lat' dir='ltr'><strong>illum</strong></span> <span class='ocrx_word' id='word_1_153' title='bbox 1276 2273 1317 2334; x_wconf 88' lang='lat' dir='ltr'><strong>ait</strong></span> 
     </span>
     <span class='ocr_line' id='line_1_22' title="bbox 327 2358 1315 2440; baseline -0.002 -18"><span class='ocrx_word' id='word_1_154' title='bbox 327 2359 508 2440; x_wconf 81' lang='lat' dir='ltr'><strong>Magnesiae</strong></span> <span class='ocrx_word' id='word_1_155' title='bbox 530 2361 635 2422; x_wconf 85' lang='lat' dir='ltr'><strong>morbo</strong></span> <span class='ocrx_word' id='word_1_156' title='bbox 657 2364 826 2434; x_wconf 91' lang='lat' dir='ltr'><strong>mortuum,</strong></span> <span class='ocrx_word' id='word_1_157' title='bbox 855 2379 954 2439; x_wconf 93' lang='lat' dir='ltr'><strong>neque</strong></span> <span class='ocrx_word' id='word_1_158' title='bbox 976 2363 1071 2438; x_wconf 83' lang='lat' dir='ltr'><strong>negat</strong></span> <span class='ocrx_word' id='word_1_159' title='bbox 1090 2358 1184 2420; x_wconf 84' lang='lat' dir='ltr'><strong>fuisse</strong></span> <span class='ocrx_word' id='word_1_160' title='bbox 1200 2358 1315 2420; x_wconf 83' lang='lat' dir='ltr'><strong>famam</strong></span> 
     </span>
     <span class='ocr_line' id='line_1_23' title="bbox 327 2445 1316 2526; baseline -0.001 -21"><span class='ocrx_word' id='word_1_161' title='bbox 327 2464 481 2506; x_wconf 78' lang='lat' dir='ltr'><strong>venenum</strong></span> <span class='ocrx_word' id='word_1_162' title='bbox 497 2463 553 2507; x_wconf 90' lang='lat' dir='ltr'><strong>sua</strong></span> <span class='ocrx_word' id='word_1_163' title='bbox 574 2448 681 2524; x_wconf 75' lang='lat' dir='ltr'><strong>sponte</strong></span> <span class='ocrx_word' id='word_1_164' title='bbox 704 2445 881 2525; x_wconf 83' lang='lat' dir='ltr'><strong>sumpsisse,</strong></span> <span class='ocrx_word' id='word_1_165' title='bbox 905 2465 975 2506; x_wconf 92' lang='lat' dir='ltr'><strong>cum</strong></span> <span class='ocrx_word' id='word_1_166' title='bbox 991 2466 1024 2507; x_wconf 90' lang='lat' dir='ltr'><strong>se</strong></span> <span class='ocrx_word' id='word_1_167' title='bbox 1039 2464 1084 2521; x_wconf 89' lang='lat' dir='ltr'><strong>ea,</strong></span> <span class='ocrx_word' id='word_1_168' title='bbox 1101 2463 1180 2524; x_wconf 91' lang='lat' dir='ltr'><strong>quae</strong></span> <span class='ocrx_word' id='word_1_169' title='bbox 1194 2446 1267 2526; x_wconf 82' lang='lat' dir='ltr'><strong>regi</strong></span> <span class='ocrx_word' id='word_1_170' title='bbox 1283 2447 1316 2505; x_wconf 79' lang='lat' dir='ltr'><strong>de</strong></span> 
     </span>
     <span class='ocr_line' id='line_1_24' title="bbox 328 2527 1313 2613; baseline -0.002 -21"><span class='ocrx_word' id='word_1_171' title='bbox 328 2531 526 2612; x_wconf 88' lang='lat' dir='ltr'><strong>opprimenda</strong></span> <span class='ocrx_word' id='word_1_172' title='bbox 543 2527 673 2592; x_wconf 83' lang='lat' dir='ltr'><strong>Graecia</strong></span> <span class='ocrx_word' id='word_1_173' title='bbox 687 2530 841 2613; x_wconf 87' lang='lat' dir='ltr'><strong>pollicitus</strong></span> <span class='ocrx_word' id='word_1_174' title='bbox 862 2535 960 2607; x_wconf 88' lang='lat' dir='ltr'><strong>osset,</strong></span> <span class='ocrx_word' id='word_1_175' title='bbox 984 2535 1142 2613; x_wconf 86' lang='lat' dir='ltr'><strong>praestare</strong></span> <span class='ocrx_word' id='word_1_176' title='bbox 1158 2549 1254 2611; x_wconf 87' lang='lat' dir='ltr'><strong>posse</strong></span> <span class='ocrx_word' id='word_1_177' title='bbox 1269 2533 1313 2591; x_wconf 85' lang='lat' dir='ltr'><strong>dc·</strong></span> 
     </span>
    </p>

    <p class='ocr_par' dir='ltr' id='par_1_9' title="bbox 266 2614 1313 3041">
     <span class='ocr_line' id='line_1_25' title="bbox 266 2614 1312 2697; baseline -0.005 -18"><span class='ocrx_word' id='word_1_178' title='bbox 266 2614 308 2679; x_wconf 76' lang='lat'><strong>25</strong></span> <span class='ocrx_word' id='word_1_179' title='bbox 330 2619 475 2696; x_wconf 85' lang='lat' dir='ltr'><strong>speraret.</strong></span> <span class='ocrx_word' id='word_1_180' title='bbox 521 2615 711 2679; x_wconf 91' lang='lat' dir='ltr'><strong>Posteriores</strong></span> <span class='ocrx_word' id='word_1_181' title='bbox 736 2615 859 2695; x_wconf 92' lang='lat' dir='ltr'><strong>quidem</strong></span> <span class='ocrx_word' id='word_1_182' title='bbox 875 2617 1039 2697; x_wconf 87' lang='lat' dir='ltr'><strong>scriptores</strong></span> <span class='ocrx_word' id='word_1_183' title='bbox 1068 2619 1200 2678; x_wconf 88' lang='lat' dir='ltr'><strong>mortem</strong></span> <span class='ocrx_word' id='word_1_184' title='bbox 1229 2618 1312 2677; x_wconf 77' lang='lat' dir='ltr'><strong>huius</strong></span> 
     </span>
     <span class='ocr_line' id='line_1_26' title="bbox 329 2701 1312 2783; baseline -0.003 -18"><span class='ocrx_word' id='word_1_185' title='bbox 329 2701 446 2783; x_wconf 83' lang='lat' dir='ltr'><strong>tragice</strong></span> <span class='ocrx_word' id='word_1_186' title='bbox 459 2703 490 2763; x_wconf 86' lang='lat' dir='ltr'><strong>et</strong></span> <span class='ocrx_word' id='word_1_187' title='bbox 500 2703 651 2764; x_wconf 86' lang='lat' dir='ltr'><strong>rhetorice</strong></span> <span class='ocrx_word' id='word_1_188' title='bbox 666 2705 906 2777; x_wconf 86' lang='lat' dir='ltr'><strong>exornaverunt;</strong></span> <span class='ocrx_word' id='word_1_189' title='bbox 921 2705 1048 2764; x_wconf 86' lang='lat' dir='ltr'><strong>narrant</strong></span> <span class='ocrx_word' id='word_1_190' title='bbox 1058 2704 1149 2779; x_wconf 89' lang='lat' dir='ltr'><strong>enim,</strong></span> <span class='ocrx_word' id='word_1_191' title='bbox 1165 2722 1239 2763; x_wconf 89' lang='lat' dir='ltr'><strong>eum</strong></span> <span class='ocrx_word' id='word_1_192' title='bbox 1252 2722 1312 2763; x_wconf 90' lang='lat' dir='ltr'><strong>cun</strong></span> 
     </span>
     <span class='ocr_line' id='line_1_27' title="bbox 328 2788 1312 2870; baseline -0.005 -18"><span class='ocrx_word' id='word_1_193' title='bbox 328 2792 450 2852; x_wconf 85' lang='lat' dir='ltr'><strong>taurum</strong></span> <span class='ocrx_word' id='word_1_194' title='bbox 473 2788 675 2865; x_wconf 88' lang='lat' dir='ltr'><strong>immolasset,</strong></span> <span class='ocrx_word' id='word_1_195' title='bbox 705 2788 866 2870; x_wconf 84' lang='lat' dir='ltr'><strong>excepisse</strong></span> <span class='ocrx_word' id='word_1_196' title='bbox 894 2788 1073 2868; x_wconf 82' lang='lat' dir='ltr'><strong>sanguinem</strong></span> <span class='ocrx_word' id='word_1_197' title='bbox 1102 2792 1211 2868; x_wconf 87' lang='lat' dir='ltr'><strong>patera</strong></span> <span class='ocrx_word' id='word_1_198' title='bbox 1233 2793 1267 2849; x_wconf 85' lang='lat' dir='ltr'><strong>et</strong></span> <span class='ocrx_word' id='word_1_199' title='bbox 1287 2809 1312 2846; x_wconf 81' lang='lat' dir='ltr'><strong>ec</strong></span> 
     </span>
     <span class='ocr_line' id='line_1_28' title="bbox 328 2873 1313 2957; baseline -0.002 -20"><span class='ocrx_word' id='word_1_200' title='bbox 328 2879 400 2957; x_wconf 89' lang='lat' dir='ltr'><strong>poto</strong></span> <span class='ocrx_word' id='word_1_201' title='bbox 435 2878 589 2938; x_wconf 90' lang='lat' dir='ltr'><strong>mortuum</strong></span> <span class='ocrx_word' id='word_1_202' title='bbox 626 2874 802 2935; x_wconf 86' lang='lat' dir='ltr'><strong>concidisse.</strong></span> <span class='ocrx_word' id='word_1_203' title='bbox 861 2873 950 2934; x_wconf 87' lang='lat' dir='ltr'><strong>ldem</strong></span> <span class='ocrx_word' id='word_1_204' title='bbox 978 2873 1175 2953; x_wconf 79' lang='lat' dir='ltr'><strong>Thucydides</strong></span> <span class='ocrx_word' id='word_1_205' title='bbox 1216 2874 1313 2936; x_wconf 80' lang='lat' dir='ltr'><strong>tradit.</strong></span> 
     </span>
     <span class='ocr_line' id='line_1_29' title="bbox 329 2959 1312 3041; baseline -0.005 -20"><span class='ocrx_word' id='word_1_206' title='bbox 329 2964 476 3040; x_wconf 83' lang='lat' dir='ltr'><strong>cognatos</strong></span> <span class='ocrx_word' id='word_1_207' title='bbox 483 2960 549 3021; x_wconf 90' lang='lat' dir='ltr'><strong>eius</strong></span> <span class='ocrx_word' id='word_1_208' title='bbox 560 2960 687 3036; x_wconf 86' lang='lat' dir='ltr'><strong>dixisse,</strong></span> <span class='ocrx_word' id='word_1_209' title='bbox 699 2978 768 3020; x_wconf 89' lang='lat' dir='ltr'><strong>ossa</strong></span> <span class='ocrx_word' id='word_1_210' title='bbox 781 2960 847 3041; x_wconf 89' lang='lat' dir='ltr'><strong>ipso</strong></span> <span class='ocrx_word' id='word_1_211' title='bbox 858 2959 983 3020; x_wconf 90' lang='lat' dir='ltr'><strong>iubente</strong></span> <span class='ocrx_word' id='word_1_212' title='bbox 993 2959 1116 3020; x_wconf 92' lang='lat' dir='ltr'><strong>domum</strong></span> <span class='ocrx_word' id='word_1_213' title='bbox 1128 2959 1282 3023; x_wconf 73' lang='lat' dir='ltr'><strong>manslata</strong></span> <span class='ocrx_word' id='word_1_214' title='bbox 1290 2973 1312 3018; x_wconf 74' lang='lat' dir='ltr'><strong>st</strong></span> 
     </span>
    </p>
   </div>
   <div class='ocr_carea' id='block_1_3' title="bbox 244 3043 1318 3811">
    <p class='ocr_par' dir='ltr' id='par_1_10' title="bbox 265 3043 1125 3126">
     <span class='ocr_line' id='line_1_30' title="bbox 265 3043 1125 3126; baseline -0.005 -18"><span class='ocrx_word' id='word_1_215' title='bbox 265 3043 308 3108; x_wconf 88' lang='lat'><strong>30</strong></span> <span class='ocrx_word' id='word_1_216' title='bbox 331 3047 410 3107; x_wconf 90' lang='lat' dir='ltr'><strong>olam</strong></span> <span class='ocrx_word' id='word_1_217' title='bbox 424 3044 663 3106; x_wconf 87' lang='lat' dir='ltr'><strong>Atheniensibus</strong></span> <span class='ocrx_word' id='word_1_218' title='bbox 678 3044 711 3105; x_wconf 92' lang='lat' dir='ltr'><strong>in</strong></span> <span class='ocrx_word' id='word_1_219' title='bbox 725 3044 830 3107; x_wconf 88' lang='lat' dir='ltr'><strong>Attica</strong></span> <span class='ocrx_word' id='word_1_220' title='bbox 845 3045 1012 3126; x_wconf 88' lang='lat' dir='ltr'><strong>composita</strong></span> <span class='ocrx_word' id='word_1_221' title='bbox 1029 3063 1106 3105; x_wconf 75' lang='lat' dir='ltr'><strong>esse,</strong></span> <span class='ocrx_word' id='word_1_222' title='bbox 1122 3111 1125 3118; x_wconf 45' lang='grc'>,</span> 
     </span>
    </p>

    <p class='ocr_par' dir='ltr' id='par_1_11' title="bbox 244 3127 1318 3468">
     <span class='ocr_line' id='line_1_31' title="bbox 244 3127 1318 3210; baseline 0 -20"><span class='ocrx_word' id='word_1_223' title='bbox 244 3131 313 3190; x_wconf 89' lang='lat' dir='ltr'><strong>XII</strong></span> <span class='ocrx_word' id='word_1_224' title='bbox 414 3128 487 3191; x_wconf 84' lang='lat' dir='ltr'><strong>Siue</strong></span> <span class='ocrx_word' id='word_1_225' title='bbox 513 3130 605 3192; x_wconf 93' lang='lat' dir='ltr'><strong>dubio</strong></span> <span class='ocrx_word' id='word_1_226' title='bbox 633 3129 854 3191; x_wconf 78' lang='lat' dir='ltr'><strong>Themistocles</strong></span> <span class='ocrx_word' id='word_1_227' title='bbox 882 3149 1013 3208; x_wconf 84' lang='lat' dir='ltr'><strong>magnus</strong></span> <span class='ocrx_word' id='word_1_228' title='bbox 1044 3129 1133 3192; x_wconf 89' lang='lat' dir='ltr'><strong>homo</strong></span> <span class='ocrx_word' id='word_1_229' title='bbox 1159 3129 1239 3206; x_wconf 78' lang='lat' dir='ltr'><strong>luit,</strong></span> <span class='ocrx_word' id='word_1_230' title='bbox 1275 3127 1318 3210; x_wconf 88' lang='lat' dir='ltr'><strong>qui</strong></span> 
     </span>
     <span class='ocr_line' id='line_1_32' title="bbox 330 3214 1316 3295; baseline -0.008 -17"><span class='ocrx_word' id='word_1_231' title='bbox 330 3214 429 3294; x_wconf 85' lang='lat' dir='ltr'><strong>magis</strong></span> <span class='ocrx_word' id='word_1_232' title='bbox 452 3216 545 3278; x_wconf 88' lang='lat' dir='ltr'><strong>etiam</strong></span> <span class='ocrx_word' id='word_1_233' title='bbox 568 3215 661 3277; x_wconf 84' lang='lat' dir='ltr'><strong>insita</strong></span> <span class='ocrx_word' id='word_1_234' title='bbox 680 3219 789 3278; x_wconf 88' lang='lat' dir='ltr'><strong>natura</strong></span> <span class='ocrx_word' id='word_1_235' title='bbox 814 3219 845 3277; x_wconf 90' lang='lat' dir='ltr'><strong>et</strong></span> <span class='ocrx_word' id='word_1_236' title='bbox 865 3214 1003 3295; x_wconf 87' lang='lat' dir='ltr'><strong>ingenio,</strong></span> <span class='ocrx_word' id='word_1_237' title='bbox 1027 3234 1118 3294; x_wconf 90' lang='lat' dir='ltr'><strong>quam</strong></span> <span class='ocrx_word' id='word_1_238' title='bbox 1134 3215 1281 3277; x_wconf 87' lang='lat' dir='ltr'><strong>doctrina</strong></span> <span class='ocrx_word' id='word_1_239' title='bbox 1294 3229 1316 3274; x_wconf 76' lang='lat' dir='ltr'><strong>et</strong></span> 
     </span>
     <span class='ocr_line' id='line_1_33' title="bbox 331 3300 1316 3384; baseline -0.002 -23"><span class='ocrx_word' id='word_1_240' title='bbox 331 3300 501 3381; x_wconf 89' lang='lat' dir='ltr'><strong>disciplina,</strong></span> <span class='ocrx_word' id='word_1_241' title='bbox 517 3321 593 3382; x_wconf 90' lang='lat' dir='ltr'><strong>quas</strong></span> <span class='ocrx_word' id='word_1_242' title='bbox 607 3303 697 3384; x_wconf 79' lang='lat' dir='ltr'><strong>parvi</strong></span> <span class='ocrx_word' id='word_1_243' title='bbox 711 3301 853 3375; x_wconf 89' lang='lat' dir='ltr'><strong>habebat,</strong></span> <span class='ocrx_word' id='word_1_244' title='bbox 877 3301 985 3362; x_wconf 88' lang='lat' dir='ltr'><strong>ductus</strong></span> <span class='ocrx_word' id='word_1_245' title='bbox 1000 3301 1165 3362; x_wconf 88' lang='lat' dir='ltr'><strong>utilissima</strong></span> <span class='ocrx_word' id='word_1_246' title='bbox 1179 3320 1316 3381; x_wconf 73' lang='lat' dir='ltr'><strong>quaeque</strong></span> 
     </span>
     <span class='ocr_line' id='line_1_34' title="bbox 331 3386 1316 3468; baseline -0.003 -19"><span class='ocrx_word' id='word_1_247' title='bbox 331 3389 362 3449; x_wconf 90' lang='lat' dir='ltr'><strong>et</strong></span> <span class='ocrx_word' id='word_1_248' title='bbox 377 3386 492 3467; x_wconf 88' lang='lat' dir='ltr'><strong>optima</strong></span> <span class='ocrx_word' id='word_1_249' title='bbox 506 3393 645 3450; x_wconf 87' lang='lat' dir='ltr'><strong>cerneret</strong></span> <span class='ocrx_word' id='word_1_250' title='bbox 660 3391 692 3450; x_wconf 91' lang='lat' dir='ltr'><strong>et</strong></span> <span class='ocrx_word' id='word_1_251' title='bbox 706 3387 867 3468; x_wconf 88' lang='lat' dir='ltr'><strong>perficeret</strong></span> <span class='ocrx_word' id='word_1_252' title='bbox 883 3386 974 3447; x_wconf 90' lang='lat' dir='ltr'><strong>etiarn</strong></span> <span class='ocrx_word' id='word_1_253' title='bbox 990 3386 1022 3446; x_wconf 92' lang='lat' dir='ltr'><strong>in</strong></span> <span class='ocrx_word' id='word_1_254' title='bbox 1037 3387 1076 3447; x_wconf 91' lang='lat' dir='ltr'><strong>iis</strong></span> <span class='ocrx_word' id='word_1_255' title='bbox 1089 3387 1191 3461; x_wconf 90' lang='lat' dir='ltr'><strong>rebus,</strong></span> <span class='ocrx_word' id='word_1_256' title='bbox 1209 3389 1316 3468; x_wconf 81' lang='lat' dir='ltr'><strong>quibu·</strong></span> 
     </span>
    </p>

    <p class='ocr_par' dir='ltr' id='par_1_12' title="bbox 266 3469 1317 3811">
     <span class='ocr_line' id='line_1_35' title="bbox 266 3469 1316 3554; baseline -0.003 -18"><span class='ocrx_word' id='word_1_257' title='bbox 266 3471 309 3536; x_wconf 79' lang='lat'><strong>35</strong></span> <span class='ocrx_word' id='word_1_258' title='bbox 331 3471 518 3536; x_wconf 86' lang='lat' dir='ltr'><strong>exercitatus</strong></span> <span class='ocrx_word' id='word_1_259' title='bbox 532 3492 593 3534; x_wconf 92' lang='lat' dir='ltr'><strong>non</strong></span> <span class='ocrx_word' id='word_1_260' title='bbox 608 3478 681 3536; x_wconf 88' lang='lat' dir='ltr'><strong>erat.</strong></span> <span class='ocrx_word' id='word_1_261' title='bbox 718 3472 764 3533; x_wconf 93' lang='lat' dir='ltr'><strong>Ac</strong></span> <span class='ocrx_word' id='word_1_262' title='bbox 782 3469 889 3533; x_wconf 77' lang='lat' dir='ltr'><strong>Cicero</strong></span> <span class='ocrx_word' id='word_1_263' title='bbox 905 3472 1028 3550; x_wconf 91' lang='lat' dir='ltr'><strong>quidem</strong></span> <span class='ocrx_word' id='word_1_264' title='bbox 1042 3472 1133 3534; x_wconf 87' lang='lat' dir='ltr'><strong>facile</strong></span> <span class='ocrx_word' id='word_1_265' title='bbox 1147 3473 1316 3554; x_wconf 86' lang='lat' dir='ltr'><strong>principem</strong></span> 
     </span>
     <span class='ocr_line' id='line_1_36' title="bbox 331 3556 1317 3639; baseline -0.007 -17"><span class='ocrx_word' id='word_1_266' title='bbox 331 3557 480 3622; x_wconf 83' lang='lat' dir='ltr'><strong>Graeciae</strong></span> <span class='ocrx_word' id='word_1_267' title='bbox 495 3579 566 3620; x_wconf 92' lang='lat' dir='ltr'><strong>eum</strong></span> <span class='ocrx_word' id='word_1_268' title='bbox 581 3559 675 3639; x_wconf 92' lang='lat' dir='ltr'><strong>ponit.</strong></span> <span class='ocrx_word' id='word_1_269' title='bbox 719 3556 900 3619; x_wconf 87' lang='lat' dir='ltr'><strong>Memoriam</strong></span> <span class='ocrx_word' id='word_1_270' title='bbox 918 3557 950 3617; x_wconf 93' lang='lat' dir='ltr'><strong>in</strong></span> <span class='ocrx_word' id='word_1_271' title='bbox 966 3576 1003 3619; x_wconf 90' lang='lat' dir='ltr'><strong>eo</strong></span> <span class='ocrx_word' id='word_1_272' title='bbox 1020 3557 1211 3636; x_wconf 83' lang='lat' dir='ltr'><strong>singularem</strong></span> <span class='ocrx_word' id='word_1_273' title='bbox 1226 3560 1317 3620; x_wconf 75' lang='lat' dir='ltr'><strong>fuisse</strong></span> 
     </span>
     <span class='ocr_line' id='line_1_37' title="bbox 330 3642 1316 3725; baseline -0.001 -20"><span class='ocrx_word' id='word_1_274' title='bbox 330 3645 441 3720; x_wconf 81' lang='lat' dir='ltr'><strong>ierunt,</strong></span> <span class='ocrx_word' id='word_1_275' title='bbox 458 3647 492 3706; x_wconf 90' lang='lat' dir='ltr'><strong>ut</strong></span> <span class='ocrx_word' id='word_1_276' title='bbox 515 3644 651 3706; x_wconf 91' lang='lat' dir='ltr'><strong>omnium</strong></span> <span class='ocrx_word' id='word_1_277' title='bbox 674 3642 790 3704; x_wconf 77' lang='lat' dir='ltr'><strong>ciuium</strong></span> <span class='ocrx_word' id='word_1_278' title='bbox 811 3642 933 3706; x_wconf 89' lang='lat' dir='ltr'><strong>nomina</strong></span> <span class='ocrx_word' id='word_1_279' title='bbox 958 3647 1089 3718; x_wconf 88' lang='lat' dir='ltr'><strong>teneret;</strong></span> <span class='ocrx_word' id='word_1_280' title='bbox 1116 3643 1168 3723; x_wconf 91' lang='lat' dir='ltr'><strong>qui</strong></span> <span class='ocrx_word' id='word_1_281' title='bbox 1195 3646 1316 3725; x_wconf 90' lang='lat' dir='ltr'><strong>quiden</strong></span> 
     </span>
     <span class='ocr_line' id='line_1_38' title="bbox 330 3729 1317 3811; baseline 0 -19"><span class='ocrx_word' id='word_1_282' title='bbox 330 3729 488 3810; x_wconf 88' lang='lat' dir='ltr'><strong>pollicenti</strong></span> <span class='ocrx_word' id='word_1_283' title='bbox 510 3729 631 3791; x_wconf 90' lang='lat' dir='ltr'><strong>cuidam</strong></span> <span class='ocrx_word' id='word_1_284' title='bbox 646 3749 680 3790; x_wconf 90' lang='lat' dir='ltr'><strong>ee</strong></span> <span class='ocrx_word' id='word_1_285' title='bbox 702 3732 801 3791; x_wconf 87' lang='lat' dir='ltr'><strong>artem</strong></span> <span class='ocrx_word' id='word_1_286' title='bbox 820 3729 993 3805; x_wconf 86' lang='lat' dir='ltr'><strong>memoriae,</strong></span> <span class='ocrx_word' id='word_1_287' title='bbox 1009 3731 1169 3810; x_wconf 88' lang='lat' dir='ltr'><strong>quactum</strong></span> <span class='ocrx_word' id='word_1_288' title='bbox 1184 3730 1317 3811; x_wconf 90' lang='lat' dir='ltr'><strong>primun</strong></span> 
     </span>
    </p>
   </div>
   <div class='ocr_carea' id='block_1_4' title="bbox 0 0 1370 4460">
    <p class='ocr_par' dir='ltr' id='par_1_13' title="bbox 0 0 1370 4460">
     <span class='ocr_line' id='line_1_39' title="bbox 0 0 1370 4460; baseline 0 0"><span class='ocrx_word' id='word_1_289' title='bbox 0 0 1370 4460; x_wconf 95' lang='lat' dir='ltr'><strong> </strong></span> 
     </span>
    </p>
   </div>
  </div>
 </body>
</html>
