2720 4482
292 365 355 431 112
625 365 700 429 XX.
724 365 932 429 DATAMDS.

292 541 324 602 in
339 559 391 601 eos
405 540 541 602 coniecit.
585 538 654 602 Hoc
668 539 749 600 idem
764 558 832 600 cum
847 537 983 600 universi
997 531 1155 612 iecisser'rt,
1172 537 1282 619 prius-

294 646 382 706 quam
399 627 594 706 pervenirent
607 627 647 687 ad
661 645 744 700 eum,
767 645 857 704 quem
877 625 1005 706 aggredi
1020 626 1180 700 volebant,
1206 644 1280 685 con-

294 713 349 773 fixi
364 713 568 773 conciderunt.

237 800 273 864 X
380 797 441 858 Ilic
455 809 555 858 tamen
572 801 636 858 tam
656 796 784 858 callidus
798 796 847 855 vir
861 801 1000 858 extremo
1014 801 1153 876 tempore
1167 799 1282 875 captus

249 885 272 948 5
296 887 344 945 est
356 883 552 960 Mithridatis,
568 882 782 943 Ariobarzanis
796 883 860 954 filii,
876 883 954 942 dolo.
990 881 1131 961 Namque
1145 882 1173 942 is
1188 882 1283 961 polli-

296 971 374 1029 citus
395 975 442 1030 est
462 971 529 1048 regi
551 989 585 1028 se
599 989 668 1028 eum
687 968 932 1041 interfecturum,
956 969 983 1027 si
1003 988 1059 1027 rex
1074 969 1285 1046 permitteret,
1346 979 1347 1046 ζ

294 1063 330 1115 ut
344 1055 543 1134 quodcunque
557 1055 652 1114 vellet
666 1055 772 1114 liceret
793 1054 915 1133 impune
934 1054 1047 1126 facere,
1070 1054 1227 1132 fidemque
1242 1053 1288 1112 de

295 1160 332 1200 ea
346 1160 379 1199 re
394 1161 477 1200 more
492 1140 655 1202 Persarum
677 1140 805 1200 dextera
819 1139 961 1200 dedisset.
1006 1139 1095 1199 Hanc
1109 1145 1144 1199 ut
1160 1139 1289 1218 aceepit

295 1245 314 1286 a
335 1245 409 1304 rege
434 1228 573 1300 missam,
601 1227 704 1306 copias
730 1234 818 1306 parat
841 1233 872 1286 et
893 1227 1002 1286 absens
1024 1226 1190 1286 amicitiam
1207 1244 1285 1284 cum

233 1313 275 1378 10
295 1311 425 1374 Datame
440 1314 526 1373 facit:
546 1315 629 1390 regis
644 1313 817 1392 provincias
831 1318 938 1383 vexat,
961 1312 1089 1372 castella
1108 1315 1286 1390 expugnat,

296 1418 424 1476 magnas
450 1399 579 1478 praedas
606 1399 701 1478 capit,
732 1416 859 1476 quarum
886 1402 1002 1476 partem
1034 1397 1097 1456 suis
1121 1387 1284 1476 dispertit,

296 1493 414 1564 partem
430 1486 469 1544 ad
485 1485 633 1544 Datamen
655 1485 760 1544 mittit:
782 1485 847 1561 pari
868 1484 956 1544 modo
978 1483 1135 1561 complura
1151 1482 1287 1543 castella

296 1569 326 1628 ei
341 1569 440 1629 tradit.
466 1569 551 1628 Haec
562 1571 614 1628 diu
630 1569 767 1630 faciendo
784 1571 935 1648 persuasit
949 1570 1060 1628 homini
1075 1588 1109 1628 se
1125 1567 1285 1628 infinitum

298 1654 444 1714 adsersus
459 1674 565 1732 regem
581 1656 751 1735 suscepisse
766 1655 889 1726 bellum,
905 1673 974 1714 cum
989 1655 1083 1714 nihilo
1098 1655 1214 1731 magis,
1240 1673 1284 1714 ne

234 1737 276 1802 15
297 1759 387 1818 quam
402 1742 604 1820 suspicionem
621 1740 666 1800 illi
682 1741 841 1819 praeheret
856 1740 1048 1814 insidiarum,
1070 1759 1170 1818 neque
1185 1740 1282 1799 collo·
1347 1773 1348 1810 ς

296 1826 400 1904 quium
418 1828 488 1886 'eius
514 1827 623 1906 petivit
642 1846 739 1905 neque
759 1827 789 1885 in
811 1835 1005 1906 conspectum
1027 1827 1131 1885 venire
1151 1825 1282 1886 studuit.

296 1909 347 1972 sie
367 1913 477 1972 absens
497 1913 661 1973 amicitiam
681 1913 821 2001 gerebat,
844 1918 957 1971 utnon
980 1911 1131 1970 beneficiis
1152 1912 1280 1981 mutuis,

296 1998 351 2057 sed
374 1999 524 2058 communi
545 1999 626 2071 odio,
650 1999 731 2077 quod
751 2016 826 2075 erga
847 2016 953 2075 regem
975 2005 1185 2076 susceperant,
1208 2015 1282 2057 oon·

296 2084 387 2144 tineri
400 2085 586 2144 viderentur.

230 2167 341 2236 10111
386 2170 422 2229 ld
438 2188 506 2230 cnm
521 2170 595 2230 satis
611 2187 643 2248 11
659 2168 852 2229 confirmasse
866 2167 1031 2229 arbitratus
1046 2172 1100 2241 est,
1116 2170 1282 2232 certiorem

297 2255 371 2316 facit
393 2255 540 2316 Datamen
563 2267 682 2333 tempus
705 2275 772 2314 esse
795 2255 926 2315 maiores
946 2255 1098 2315 exercitus
1122 2256 1227 2334 parari
1250 2261 1282 2316 et

298 2340 413 2400 bellum
429 2360 496 2400 cum
514 2341 578 2420 ipso
594 2360 667 2417 rege
682 2340 811 2419 suscipi,
836 2342 933 2418 deque
956 2359 992 2400 ea
1007 2359 1049 2412 re,
1072 2341 1098 2399 si
1114 2343 1143 2401 ei
1159 2342 1280 2402 videre·

299 2429 363 2496 tur,
388 2444 446 2503 quo
470 2426 535 2485 loco
556 2426 651 2485 vellet
672 2426 704 2484 in
728 2426 909 2503 colloquium
924 2427 1050 2486 veniret.
1095 2425 1231 2488 Probata
1246 2447 1280 2488 re

299 2509 489 2587 colloquendi
513 2515 631 2589 tempus
653 2511 784 2569 sumitur
810 2511 953 2589 locusque
973 2531 1031 2590 quo
1054 2514 1277 2574 conveniretur.
1348 2539 1349 2576 ;

233 2594 277 2662 25
297 2594 368 2654 Huc
390 2595 582 2655 Mithridates
604 2614 673 2655 cum
694 2615 767 2668 nno,
799 2597 848 2655 cui
868 2599 1002 2656 maxime
1024 2598 1156 2658 habebat
1177 2600 1278 2674 fidem,

298 2681 415 2759 aliquot
428 2689 499 2742 ante
514 2682 620 2742 diebus
642 2682 727 2741 venit
742 2682 1007 2761 compluribusque
1022 2683 1097 2742 locis
1112 2686 1278 2764 separatim

299 2767 418 2846 gladios
442 2764 544 2829 obruit
564 2787 659 2846 eaque
678 2768 745 2828 loca
767 2768 930 2847 diligenter
951 2776 1042 2829 notat.
1088 2769 1160 2848 Ipso
1174 2779 1279 2841 ,autem

299 2853 442 2932 colloquii
457 2854 507 2914 die
522 2863 661 2932 uterque,
686 2854 784 2914 locum
805 2856 855 2933 qui
878 2855 1074 2934 explorarent
1088 2861 1181 2934 atque
1196 2858 1277 2937 ipos

298 2945 518 3012 scrutarentur,
541 2941 679 3011 mittunt,
703 2940 812 2999 deinde
834 2941 892 3019 ipsi
914 2948 986 3000 sunt
1005 2943 1171 3018 congressi.
1218 2941 1278 3002 Hic

232 3025 277 3092 30
299 3044 367 3084 cum
382 3025 569 3104 aliquamdiu
589 3027 619 3085 in
641 3025 788 3104 colloquio
804 3026 932 3085 fuissent
946 3029 977 3085 ct
991 3025 1104 3086 diversi
1121 3027 1279 3088 discessis-

298 3112 499 3189 sentiumque
515 3112 619 3192 procul
635 3110 778 3170 Datames
792 3111 925 3185 abesset,
948 3111 1156 3188 Mithridates,
1179 3115 1278 3193 prius-

298 3197 441 3273 quemad
459 3216 530 3256 suos
553 3199 738 3274 perveniret,
762 3217 801 3256 ne
823 3217 913 3275 quam
928 3198 1130 3277 suspicionem
1146 3202 1278 3279 pareret,

298 3281 330 3340 in
354 3281 484 3340 cundem
506 3283 605 3341 locum
628 3284 792 3344 revertitur
814 3290 904 3361 etque
929 3283 986 3358 ibi,
1012 3284 1064 3343 ubi
1090 3285 1185 3345 telum
1212 3289 1281 3346 erat

299 3367 489 3446 impositum,
510 3368 636 3440 resedit,
652 3380 688 3428 ut
702 3369 728 3427 si
745 3369 923 3429 lassitudine
938 3377 1062 3448 cuperet
1077 3372 1281 3450 acquiescere,

236 3453 279 3518 35
300 3452 509 3532 Datamenque
523 3456 692 3527 revocavit,
712 3454 860 3515 simulans
874 3476 908 3516 se
923 3455 1066 3534 quiddam
1082 3457 1113 3516 in
1128 3457 1281 3536 colloquio

301 3559 368 3599 esse
383 3540 518 3599 oblitum.
564 3541 693 3601 Interim
708 3541 811 3612 telum,
829 3541 907 3618 quod
930 3542 1057 3615 latebat,
1081 3543 1210 3621 protulit
1224 3563 1279 3602 nu·

300 3626 463 3704 datumque
484 3626 597 3705 vagina
616 3635 703 3686 veste
724 3627 802 3684 texit
823 3644 857 3685 ao
872 3626 992 3687 Datami
1008 3628 1142 3688 venienti
1158 3630 1216 3701 ait,
1233 3629 1278 3687 di·

299 3712 488 3790 gredientem
504 3733 536 3772 se
551 3712 802 3773 animaduertisse
816 3711 916 3772 locum
927 3713 1078 3790 quendam
1092 3748 1135 3758 -
1149 3714 1281 3792 quierat
