2720 4482
488 377 672 442 11110110.
1005 337 1066 445 raa
1158 421 1161 428 .

95 553 195 629 mani,
223 551 356 631 aequalis
377 549 439 628 sui,
466 550 528 630 qni
542 551 711 630 complures
732 567 826 612 annos
847 552 946 613 studio
962 554 1070 615 duetus

96 637 305 719 philosophiae
335 637 489 700 habitabat
514 635 677 697 Athenis
706 635 894 717 habebatque
922 638 954 698 in
979 639 1071 700 Italia

95 724 245 806 pretiosas
259 722 477 803 possessiones,
500 723 652 783 triumviri
666 723 744 783 bona
758 723 980 801 vendidissent,
1002 743 1070 786 001-

96 809 257 870 suetudine
272 827 308 869 00
322 827 381 886 qua
395 812 460 868 tum
474 827 523 868 res
538 809 737 885 gerebantur,
752 807 848 869 Attici
862 809 967 870 labore
981 814 1071 889 atque

95 894 246 956 industria
260 894 373 955 factum
388 897 447 968 est,
464 896 498 953 ut
512 893 618 954 eodem
632 894 736 956 nuntio
753 892 890 955 Saufeius
906 895 993 956 fieret
1007 914 1070 956 cer·
1092 894 1112 957 5

95 981 154 1042 tior
169 1000 203 1042 00
217 979 431 1060 patrimonium
446 977 583 1040 amisisse
598 982 629 1039 et
642 997 845 1060 recuperasse.
868 979 956 1040 Idem
970 979 1003 1040 L.
1019 982 1071 1041 Iu-

95 1066 172 1128 lium
204 1063 356 1141 Calidum,
388 1084 477 1144 quem
502 1067 570 1144 post
591 1064 725 1126 Lucretii
748 1061 920 1144 Catullique
944 1068 1072 1128 mortem

97 1153 193 1216 multo
223 1151 482 1230 elegantissimum
511 1154 630 1231 poetam
652 1153 786 1212 nostram
809 1152 917 1212 tulisse
942 1155 1073 1212 aetatem

95 1255 169 1299 vere
184 1237 292 1298 videor
306 1255 394 1317 posse
408 1236 597 1311 contendere,
620 1255 716 1315 neque
732 1235 831 1296 minus
846 1237 946 1296 virum
961 1237 1072 1298 bonum

95 1322 279 1404 optimisque
290 1323 405 1384 artibus
417 1322 578 1398 eruditum,
589 1324 657 1402 post
665 1321 916 1402 proscriptionem
928 1321 1072 1404 equitum,
1096 1319 1136 1388 10

96 1412 222 1488 propter
241 1427 369 1489 magnas
391 1407 455 1468 eius
481 1407 641 1468 Africanas
663 1407 867 1488 possessiones
886 1407 918 1468 in
943 1408 1073 1488 proseri-

95 1495 219 1576 ptorum
226 1514 385 1555 numerum
397 1512 415 1554 0
425 1493 459 1554 P.
469 1493 638 1568 Volumnio,
647 1494 797 1574 praefecto
809 1493 928 1554 fabrum
938 1493 1072 1568 Antonii,

95 1581 253 1642 absentem
267 1580 411 1655 relatum,
438 1579 602 1659 expedivit.
648 1579 738 1648 Quod
759 1579 791 1639 in
805 1579 958 1660 praesenti
972 1582 1074 1640 utrum

96 1664 123 1727 ei
147 1665 330 1727 laboriosius
351 1685 390 1726 an
412 1666 700 1743 gloriosiusfuerit,
726 1664 849 1726 difficile
864 1668 911 1726 est
924 1665 1072 1726 iudicare:

95 1751 171 1812 nisi
203 1751 282 1829 quod
305 1750 337 1811 in
358 1770 461 1811 eorum
483 1751 625 1831 periculis
648 1770 708 1812 non
728 1769 814 1811 00010
830 1751 968 1812 absentes
983 1769 1073 1830 quam
1097 1747 1137 1810 15

96 1842 275 1917 praesentes
290 1835 401 1896 amicos
416 1834 518 1896 Attico
534 1854 601 1897 esse
616 1853 705 1896 curae
720 1835 874 1914 cognitum
890 1838 944 1896 est.

183 1921 290 2001 Neque
336 1941 409 1982 vero
453 1921 506 1980 ille
545 1921 644 1982 minus
687 1920 783 1981 bonus
825 1919 1042 1999 paterfamilias
1073 1921 1159 1983 XIII

94 2007 218 2071 habitus
233 2010 280 2067 est
295 2025 384 2085 quam
398 2006 481 2066 ciris.
510 2005 589 2067 Nam
604 2026 673 2073 cum
687 2009 768 2066 00001
782 2005 971 2085 pecuniosus,
984 2025 1073 2067 10110

95 2093 149 2154 illo
174 2091 274 2152 minus
295 2091 352 2152 fuit
375 2111 479 2168 emax,
502 2091 601 2152 minus
623 2091 803 2152 aedificator.
848 2084 955 2172 Neque
974 2094 1075 2152 tamen

95 2197 157 2240 non
173 2177 216 2237 'in
238 2177 344 2258 primis
365 2178 443 2238 bene
462 2177 612 2238 habitavit
637 2177 834 2256 omnibusque
849 2178 971 2256 optimis
984 2177 1075 2238 rebus
1096 2174 1139 2240 20

97 2283 173 2325 usus
188 2265 242 2322 est.
277 2261 356 2323 Nam
371 2263 493 2324 domum
508 2262 614 2324 habuit
627 2263 660 2323 in
674 2262 752 2323 00110
767 2259 919 2332 Quirinali
935 2261 1075 2342 Tamphi-

95 2349 212 2413 lianam
227 2349 264 2408 ab
279 2349 428 2411 avunculo
444 2347 612 2409 hereditate
626 2347 778 2410 relictam:
802 2347 887 2407 cuius
909 2348 1075 2409 amoenitas

97 2455 157 2498 1101
183 2433 334 2510 aedificio,
359 2435 414 2496 sed
435 2434 514 2496 01110
537 2433 700 2496 constabat.
745 2433 851 2514 Ipsum
868 2433 948 2494 enim
961 2437 1076 2494 tectum

97 2520 266 2600 antiquitus
292 2520 487 2582 constitutum
512 2520 581 2601 plus
608 2520 912 2598 salubritatisquam
937 2525 1075 2600 sumptus

97 2607 244 2670 habebat:
258 2607 291 2666 in
306 2627 362 2686 quo
377 2606 453 2668 nihil
469 2607 678 2680 commutavit,
702 2605 759 2666 nisi
782 2605 809 2666 si
831 2605 904 2684 quid
924 2610 1075 2666 vetustate
1097 2602 1139 2666 25

99 2694 222 2753 coactus
237 2695 291 2753 est.
327 2690 407 2752 Usus
423 2695 469 2752 est
484 2691 609 2765 familia,
624 2691 650 2751 si
665 2690 796 2751 utilitate
810 2689 1005 2751 iudicandum
1020 2693 1074 2763 est,

99 2774 1075 2940 11111111111111111111111111
1150 2821 1155 2830 ’

98 2948 299 3026 pedissequus
321 2947 441 3027 quidem
466 2945 623 3026 quisquam
646 2953 738 3021 esset,
763 2946 814 3026 qui
836 2964 896 3007 101
916 2948 1077 3026 utrumque
1137 2947 1140 2952 '

97 3032 207 3094 horum
222 3032 348 3112 pulchre
361 3033 461 3100 facere
482 3035 598 3112 posset:
624 3031 799 3111 parimodo
820 3031 950 3092 artifices
973 3031 1074 3106 ceteri,
1098 3029 1141 3094 30

100 3137 176 3195 quos
191 3119 290 3178 cultus
306 3118 486 3179 domesticus
502 3117 668 3193 desiderat,
692 3116 827 3197 apprime
847 3116 927 3178 boni.
970 3116 1078 3197 Neque

101 3203 205 3264 tamen
220 3223 324 3264 eorum
339 3222 518 3282 quemquam
529 3201 687 3266 nisidomi
699 3207 804 3264 natum
819 3201 959 3281 domique
972 3203 1077 3265 fictum

101 3284 223 3350 babuit:
251 3287 331 3367 quod
355 3292 402 3349 est
427 3289 548 3367 signum
574 3308 635 3350 non
660 3289 757 3350 solum
783 3287 998 3364 continentiae,
1024 3288 1079 3349 0011

103 3369 195 3432 etiarn
205 3373 388 3452 diligentiae.
411 3371 490 3436 Nam
501 3376 531 3435 et
542 3374 847 3454 nonintemperanter
858 3374 1076 3454 concupiscere

104 3457 216 3534 quoda
234 3459 373 3540 plurimis
394 3458 461 3521 fieri
487 3459 606 3535 videas,
634 3461 815 3521 continentis
841 3459 931 3520 debet
955 3459 1025 3520 duci
1047 3461 1078 3520 et
1099 3455 1142 3520 35

102 3541 204 3622 potius
228 3543 378 3604 industria
403 3562 492 3624 quam
516 3545 613 3625 pretio
637 3563 745 3625 parare
765 3564 826 3607 non
846 3544 1005 3606 mediocris
1031 3546 1078 3606 est

103 3625 288 3708 diligentiae.
332 3627 484 3707 Elegans,
509 3649 569 3702 non
589 3629 781 3710 magnificus:
804 3629 993 3710 splendidus,
1019 3649 1079 3694 non

104 3717 312 3795 sumptuosus:
329 3715 484 3794 omnisque
499 3714 656 3796 diligentia
670 3713 863 3790 munditiam,
879 3735 939 3778 non
955 3715 1078 3777 affluen-
