2748 4486
399 377 442 438 11.
468 375 793 439 rnuursrocnns.
903 359 932 435 t
1047 377 1085 440 11

98 545 209 608 Pariis
222 547 311 608 uenit
324 547 356 607 in
371 547 541 629 opinionem
556 547 678 629 signum
692 567 759 608 esse
774 567 793 608 a
812 549 977 610 classiariis
991 549 1087 630 regiis

97 633 230 708 datum,
254 652 313 714 quo
333 633 448 695 lactum
468 637 529 710 est,
550 636 585 695 ut
605 653 624 695 a
645 633 797 695 deditione
817 634 1043 698 deterrerentur
1058 639 1089 698 et

99 717 267 780 Miltiades
288 720 413 794 timens,
442 739 481 780 ne
503 718 609 780 classis
629 720 716 799 regia
735 720 928 796 adventaret,
956 722 1087 783 incensis

98 805 260 885 operibus,
276 823 355 886 quae
368 801 529 881 statuerat,
550 825 617 866 oum
632 807 759 867 totidem
772 807 902 868 navibus
916 809 1005 886 atque
1019 816 1087 868 erat

100 889 264 971 profectus
285 894 355 971 post
381 891 493 970 viginti
514 911 571 952 sex
597 891 662 952 dies
688 911 757 952 cum
784 911 897 972 magna
923 892 1086 954 offensione
1107 891 1130 955 5

99 976 223 1040 civium
237 975 376 1038 Athenas
389 977 510 1038 rediret.
555 973 627 1058 Ipse
641 982 743 1038 autem
758 985 901 1057 aegrotus
916 982 994 1053 erat;
1013 997 1085 1039 nam

100 1064 138 1124 in
153 1062 268 1143 oppido
283 1062 495 1144 oppugnando,
510 1067 545 1123 ut
559 1063 732 1124 Herodotus
747 1064 849 1140 tradit,
866 1063 904 1124 de
919 1066 1085 1145 sepimento

100 1148 216 1229 templi
232 1146 360 1222 Cereris,
378 1148 458 1228 quod
471 1155 542 1210 ante
555 1149 662 1210 urbem
676 1151 743 1210 erat
756 1151 788 1208 et
802 1150 881 1228 quod
896 1152 998 1211 nescio
1013 1150 1085 1229 quid

102 1237 243 1296 facturus
258 1235 417 1314 ingressus
431 1237 504 1307 erat,
520 1234 663 1295 desiliens
677 1236 776 1295 femur
790 1235 932 1315 fregerat.
969 1235 1085 1296 Rever-

102 1341 176 1381 sum
198 1323 301 1380 autern
322 1339 391 1380 cum
411 1319 464 1381 alii
477 1318 680 1381 Athenienses
698 1320 898 1396 infamabant,
921 1326 984 1381 tum
1000 1341 1085 1402 prae·
1108 1319 1150 1383 10

103 1407 198 1487 cipue
211 1404 419 1486 Xanthippus,
434 1404 628 1486 Alciphronis
641 1405 731 1481 filius,
747 1405 799 1486 qui
813 1426 883 1466 eum
897 1405 977 1486 apud
992 1426 1085 1487 popu·

106 1493 174 1553 lum
189 1492 299 1572 capitis
312 1489 475 1568 accusavit,
491 1492 571 1571 quod
581 1490 782 1553 Athenienses
793 1491 1003 1554 haudavisset.
1029 1491 1086 1556 Cui

103 1577 295 1640 accusationi
315 1577 471 1638 Miltiades
493 1595 552 1638 non
575 1597 631 1658 per
653 1597 687 1638 se
708 1577 773 1658 ipse
794 1578 964 1659 respondit,
987 1598 1085 1659 neque

105 1664 190 1726 enim
204 1666 338 1744 poterat,
364 1664 414 1742 qui
434 1664 627 1744 putrescente
646 1664 761 1724 femore
782 1664 813 1724 in
833 1663 913 1725 lecto
927 1663 959 1724 in
973 1664 1084 1727 iudicio

105 1750 263 1831 proposito
278 1749 400 1824 iaceret,
416 1749 470 1809 sed
485 1768 539 1830 pro
554 1768 590 1809 eo
602 1749 691 1810 amici
701 1767 824 1810 causam
836 1750 989 1826 dixerunt,
1005 1769 1084 1812 com·
1109 1744 1149 1810 15

108 1837 312 1898 memorantes
326 1854 396 1896 cum
410 1835 472 1896 alia
485 1835 582 1896 multa
592 1835 658 1896 eius
672 1835 711 1895 de
721 1835 878 1916 republica
888 1837 1006 1912 merita,
1019 1842 1084 1896 tum

111 1939 188 1981 vero
208 1939 336 2000 pugnarn
356 1921 396 1982 ad
410 1921 591 1984 Marathona
609 1921 729 1995 factam.
774 1921 955 1982 interventu
975 1921 1085 1982 deinde

110 2005 219 2086 populi
239 2005 350 2068 factum
370 2010 430 2084 est,
451 2010 485 2068 ut
505 2006 613 2086 capitis
628 2007 848 2081 absolveretur,
871 2006 926 2066 sed
940 2006 1085 2086 quinqua-

104 2091 196 2172 ginta
221 2092 356 2168 talentis,
389 2112 480 2173 quam
508 2111 636 2172 poenam
665 2111 720 2171 pro
745 2090 955 2170 magnitudine
980 2091 1084 2152 delicti

102 2177 200 2240 statui
214 2177 455 2260 pervidebatur,
470 2177 617 2240 multatus
632 2188 686 2237 est.
1104 2173 1148 2239 20
1258 2208 1263 2216 ·

114 2273 118 2283 “
192 2261 272 2326 Sunt
292 2265 344 2344 qui
366 2264 560 2339 tradiderint,
590 2263 660 2344 quia
678 2262 838 2344 pecuniam
858 2261 890 2324 in
911 2261 1083 2342 praesentia
1104 2262 1156 2324 XI

103 2349 228 2411 solvere
247 2369 309 2410 non
331 2355 446 2430 posset,
471 2370 541 2411 eum
555 2349 586 2410 in
600 2349 703 2411 vincla
717 2348 887 2410 coniectum
901 2368 969 2410 esse
982 2348 1084 2428 ibique

102 2435 188 2498 diem
204 2455 379 2516 supremum
393 2436 506 2510 obisse;
522 2436 618 2497 filiurn
632 2453 750 2515 quoque
765 2431 921 2496 Cimonem
940 2438 1010 2515 post
1031 2453 1084 2515 pa·

103 2521 162 2584 tris
170 2527 300 2582 mortem
313 2521 419 2582 eadem
431 2521 568 2583 custodia
576 2525 765 2584 asservatum
777 2520 879 2596 luisse,
888 2521 983 2582 donec
994 2539 1084 2601 pecu-

101 2608 187 2668 niam
202 2607 411 2688 pependisset3
434 2607 471 2668 de
487 2627 545 2687 qua
566 2625 600 2667 re
615 2605 796 2680 Herodotus,
818 2611 924 2668 auctor
937 2605 1082 2685 locuples,
1105 2603 1148 2670 25

104 2693 153 2754 nil
165 2700 282 2767 narrat,
298 2693 331 2754 id
346 2697 464 2754 tantum
479 2693 641 2767 affirmans,
657 2712 728 2752 eum
739 2692 843 2772 paullo
854 2695 924 2773 post
935 2691 1083 2752 dissoluto

102 2779 222 2840 femore
237 2778 419 2854 decessisse,
441 2779 661 2859 quinquaginta
676 2781 778 2838 autem
797 2778 912 2838 talenta
928 2774 1084 2838 Cimonem

103 2863 205 2927 filium
220 2863 398 2926 exsolvisse.
443 2863 503 2924 Hic
517 2865 575 2925 etsi
597 2863 723 2924 crimine
737 2861 829 2924 Pario
850 2865 898 2924 est
916 2865 1083 2936 accusatus,

103 2957 209 3012 tamen
225 2951 286 3012 alia
300 2969 391 3011 causa
406 2949 463 3010 fuit
478 2947 686 3011 damnationis.
725 2947 865 3027 Namque
879 2946 1081 3008 Athenienses

102 3041 232 3118 propter
256 3035 412 3096 Pisistrati
434 3036 643 3116 tyrannidem,
670 3053 748 3114 quae
773 3034 877 3114 paucis
904 3033 990 3094 annis
1013 3036 1083 3094 ante
1105 3029 1149 3096 30

102 3123 215 3197 fuerat,
232 3121 366 3183 omnium
382 3122 495 3184 civium
516 3140 640 3182 suorum
654 3120 819 3200 potentiam
834 3119 1082 3182 extimescebant.

104 3205 265 3270 Miltiades
289 3208 419 3267 multum
438 3207 470 3266 in
492 3206 628 3287 imperiis
648 3205 829 3284 magnisque
854 3212 997 3266 versatus
1023 3225 1084 3266 non

105 3293 272 3354 ridebatur
284 3293 424 3373 privatus
439 3311 506 3352 esse
521 3311 618 3374 posse,
641 3291 820 3372 praesertim
841 3310 911 3352 cum
925 3295 1083 3353 consuetu·

105 3378 177 3440 dine
193 3379 231 3440 ad
245 3379 366 3459 imperii
381 3378 578 3460 cupiditatem
594 3397 663 3439 eum
678 3377 757 3439 trahi
767 3377 982 3438 existimarent.
1004 3376 1084 3437 Nam

106 3465 139 3525 in
151 3461 340 3526 Chersoneso
352 3484 457 3526 ornnes
468 3465 537 3526 illos
548 3483 622 3544 quos
636 3463 789 3524 habitarat
801 3481 895 3524 annos
905 3465 1084 3542 perpetuam
1105 3458 1149 3524 35

107 3550 280 3612 obtinuerat
294 3550 530 3612 dominationem
545 3553 754 3632 tyrannusque
768 3547 827 3608 fuit
847 3547 1015 3629 appellatus
1029 3547 1085 3608 sed
1163 3621 1165 3626 Ι
1209 3573 1211 3580 ·

106 3634 213 3697 iustus.
258 3635 398 3716 Namque
412 3635 565 3717 oppressis
579 3635 633 3711 iis,
655 3633 707 3714 qui
722 3631 918 3695 dominationi
933 3651 1006 3694 suae
1020 3633 1084 3694 offi-

106 3739 176 3782 cere
190 3740 281 3802 posse
294 3722 479 3796 riderentur,
496 3740 563 3782 eam
573 3721 755 3802 potestatem
763 3717 898 3780 bonitate
909 3717 1084 3781 retinuerat.
