2720 4482
319 465 368 530 78·
617 465 712 529 XIII.
735 461 1010 530 minoranda

259 639 296 706 11
404 637 497 722 Apud
513 636 693 701 Corinthum
716 639 803 701 tanta
821 636 988 699 severitate
1006 637 1204 700 mercenariis
1219 656 1316 720 pree·

317 724 390 802 tuit,
412 728 448 787 ut
469 725 729 804 nullae.uuquam
752 724 785 784 in
800 719 1053 804 Graecumque
1073 724 1316 786 exercitatiores

318 829 566 960 ccccm
580 808 1111 975 elchiau
1123 829 1162 956 t,
1174 827 1316 978 aba?

274 979 296 1044 5
317 987 384 1045 tore
399 986 480 1043 esset
495 983 610 1058 datum,
631 981 697 1042 sine
712 980 799 1044 ducis
813 997 909 1062 opera
921 979 966 1042 sic
981 981 1137 1044 ordinatae
1159 981 1315 1043 consiste—

317 1071 400 1143 rent,
423 1073 459 1128 ut
480 1067 594 1148 singuli
615 1067 654 1129 ab
667 1067 852 1148 peritissimo
866 1067 1050 1147 imperatore
1065 1066 1206 1146 dispositi
1221 1067 1317 1129 vide-

318 1156 431 1216 rentur.
477 1152 545 1216 Hoc
571 1154 709 1214 exercitu
735 1170 852 1215 morem
877 1151 1200 1230 Lacedaemoniorum,
1228 1171 1316 1234 quae

318 1239 490 1304 Lechaeum
518 1243 640 1321 portum
668 1238 838 1314 obtinebat,
865 1237 1030 1315 interfecit,
1057 1239 1139 1318 quod
1168 1239 1314 1300 maxime

317 1321 529 1388 tota'Graeeia
551 1325 738 1387 celebratum
760 1328 815 1386 est.
859 1321 972 1386 Postea
992 1325 1116 1386 domum
1130 1329 1312 1401 revocatus,

255 1405 296 1472 10
318 1411 398 1491 quod
421 1409 549 1491 Argivis
581 1408 759 1472 Corinthum
785 1409 1002 1490 occupantibus
1032 1410 1208 1486 obstiterat,
1235 1429 1312 1472 cnm

319 1499 386 1558 octo
407 1497 538 1557 navibus
561 1498 592 1556 st
611 1495 697 1556 mille
719 1496 858 1557 ducentis
873 1495 1021 1557 militibus
1035 1494 1115 1556 levis
1129 1499 1313 1559 armaturae

318 1581 351 1641 in
374 1579 609 1662 Hellespontum
634 1581 746 1642 missus
771 1585 833 1658 est,
858 1585 894 1641 ut
919 1600 969 1642 res
998 1581 1235 1643 Atheniensium
1262 1581 1311 1643 ibi

317 1666 502 1728 restitueret.
546 1664 719 1729 Anaxibius
733 1667 831 1742 enim,
847 1667 899 1746 qui
912 1667 1084 1747 praefectus
1098 1667 1310 1742 Lacedaemo·

317 1751 437 1813 niorum
452 1749 556 1832 Abydi
571 1756 646 1829 erat,
670 1752 708 1812 iis
722 1753 846 1834 negotia
861 1751 1027 1814 exhibebat
1041 1757 1072 1814 et
1086 1753 1179 1814 urbes
1195 1771 1309 1814 eorum

254 1833 295 1898 15
317 1838 449 1899 multum
463 1838 606 1913 vexabat,
623 1856 713 1917 quem
728 1838 843 1919 proelio
858 1837 980 1899 visitet
1000 1838 1162 1900 interiecit.
1207 1837 1309 1900 Brevi

317 1928 387 2004 post
400 1923 579 1986 Antalcidas
601 1923 860 1986 Lacedaemonius
885 1923 1006 1984 adiutus
1032 1942 1051 1985 a
1074 1923 1179 1984 Persis
1205 1923 1310 1986 classe

318 2010 389 2091 plus
403 2009 558 2088 octoginta
571 2010 697 2072 navium
711 2029 795 2071 mare
811 2009 948 2084 obtinuit,
973 2028 1031 2088 quo
1046 2009 1162 2070 factum
1183 2012 1244 2085 est,
1269 2013 1310 2072 ut
1355 2021 1356 2024 ’

316 2096 520 2194 Athenienses
543 2101 726 2174 cogerentur
748 2095 940 2158 condiciones
960 2095 1044 2176 pacis
1064 2113 1083 2155 a
1102 2111 1178 2174 rege
1191 2093 1308 2157 Persa-

251 2261 295 2326 20
316 2201 386 2328 IIIIm
400 2198 596 2327 Iloddldideiere
610 2268 748 2346 tempore
757 2266 810 2327 vel
823 2265 911 2327 brevi
922 2267 992 2346 post
1002 2264 1173 2346 Iphicrates
1184 2263 1306 2326 bellum

317 2370 386 2412 oum
401 2350 570 2412 Thracibus
584 2352 689 2431 gessit,
708 2349 862 2427 Seuthem,
878 2351 994 2413 socium
1009 2348 1256 2427 Atheniensium,
1271 2349 1304 2412 iu
1354 2417 1355 2432 ζ

315 2453 447 2515 regnum
469 2436 617 2511 restituit;
644 2437 759 2498 bellum
773 2437 832 2518 ipsi
847 2455 967 2517 quoque
982 2433 1088 2518 Cotyi,
1114 2435 1207 2498 alteri
1234 2437 1303 2516 regi
1354 2437 1355 2488 i

317 2521 483 2596 Threcum,
506 2521 626 2599 intulit,
649 2525 756 2604 postea
776 2527 879 2585 tamen
893 2541 967 2603 pecc
980 2522 1063 2584 facta
1076 2524 1184 2584 contra
1198 2522 1302 2584 Milto·

316 2607 447 2689 eythem,
463 2608 617 2670 aemulum
631 2609 735 2688 regni,
759 2609 878 2670 adiuvit
898 2608 1024 2688 eiusque
1037 2607 1133 2669 filiam
1149 2607 1182 2668 in
1197 2607 1304 2670 matri-

251 2689 294 2754 25
316 2693 452 2756 monium
471 2693 567 2755 duxit.
615 2691 692 2756 Cum
711 2693 904 2757 Artaxerxes
917 2693 1073 2775 Aegyptio
1095 2693 1164 2773 regi
1185 2693 1304 2754 bellum

315 2780 430 2842 interra
450 2779 560 2857 vellet,
582 2779 768 2862 Iphicratem
788 2781 827 2842 ab
841 2779 1080 2842 Atheniensibus
1101 2779 1213 2840 ducem
1227 2779 1305 2861 peti·
1353 2807 1354 2814 ,

264 2905 269 2914 -
315 2867 370 2943 sit,
386 2883 476 2947 quem
490 2865 670 2947 praeficeret
682 2867 832 2928 exercitui
842 2865 1039 2942 conducticio,
1055 2865 1142 2926 ouius
1153 2883 1305 2927 numerus
1353 2907 1354 2912 η

316 2953 475 3014 duodecim
490 2951 609 3013 milium
623 2953 689 3013 fuit
728 2951 829 3022 Quem
843 2952 967 3032 quidem
982 2951 1026 3012 sio
1040 2950 1123 3012 omni
1137 2949 1304 3032 disciplina

317 3037 442 3100 militari
462 3037 610 3114 erudivit,
630 3042 666 3097 ut
684 3036 911 3121 Iphicratenses
924 3036 1045 3116 [milites
1067 3036 1148 3118 apud
1165 3033 1306 3098 Graecos

251 3119 295 3183 30
315 3123 348 3183 in
363 3122 588 3184 summalaude
601 3121 723 3183 tuerint.
756 3120 817 3183 Sed
832 3141 902 3183 oum
917 3122 1089 3184 discordiae
1102 3123 1183 3184 inter
1198 3123 1303 3204 ipsum

316 3210 354 3268 st·
361 3207 606 3283 Pharnabazum,
621 3207 705 3288 regis
720 3208 883 3289 satrapam,
906 3211 1033 3271 exortae
1047 3211 1150 3270 esseut
1164 3210 1197 3269 et
1211 3227 1302 3269 exer·
1352 3215 1353 3280 l

316 3292 404 3354 citus·
420 3291 591 3354 Persarum·
617 3292 814 3354 inundatione
838 3293 903 3354 Nili
940 3297 1022 3357 totus
1057 3294 1122 3355 fere
1147 3294 1302 3374 periisset,

316 3379 446 3440 domum
460 3375 560 3438 rediit
604 3377 723 3440 Deinde
743 3396 812 3439 oum
834 3378 1011 3442 Timotheus
1030 3378 1111 3460 apud
1132 3377 1302 3461 Corcyram

315 3483 366 3526 res
380 3465 610 3543 malegereret,
633 3463 804 3546 Iphicrates
819 3467 924 3528 auctor
938 3466 1010 3542 fuit,
1026 3471 1062 3528 ut
1073 3464 1237 3547 imperium
1253 3463 1300 3526 illi
1351 3497 1352 3510 κ

1297 4289 1350 4458 l

251 3545 295 3612 35
316 3551 517 3632 abrogaretur
531 3553 563 3612 et
576 3550 643 3633 ipse
656 3551 688 3611 in
703 3550 769 3612 eius
783 3550 885 3612 locum
900 3551 1098 3614 sufficeretur.

250 3633 298 3696 IV
405 3635 537 3699 Summa
550 3635 701 3700 industria
719 3636 821 3698 omnia
835 3638 1033 3720 comparavit,
1047 3641 1189 3718 utquam
1204 3636 1303 3698 eeler-

317 3719 396 3784 rime
415 3741 452 3784 eo
471 3722 646 3803 perveniret
665 3725 696 3783 et
711 3718 906 3807 Corcyraeis,
928 3722 1130 3805 eMnasippo,
1146 3721 1300 3784 Lacedae-

317 3807 487 3870 moniorum
512 3807 603 3885 duce,
629 3808 766 3890 graviter
791 3810 912 3872 vexatis
938 3809 1053 3872 auxilio
1078 3807 1207 3872 veniret
1250 3805 1302 3868 Ac
