2748 4486
304 278 349 344 42
624 277 679 342 VI„
703 275 965 342 mummulus,

306 449 437 513 Athenis
460 447 657 524 instituisset;
689 469 784 530 qnare
808 449 835 511 si
862 467 933 512 suas
957 467 1008 510 res
1034 451 1139 529 gestas
1164 469 1297 512 manere

277 568 284 586 ·
306 536 416 613 vellet,
438 535 527 598 illum
545 539 787 617 persequeretur.
831 534 891 596 His
911 533 992 598 Laco
1012 536 1104 597 rebus
1119 539 1297 598 commotus

307 621 414 685 statuit
427 622 598 685 accuratius
620 620 679 682 sibi
700 621 853 720 agendum
872 639 942 684 cum
956 618 1161 721 Pharnabazo.
1206 620 1297 683 Huic

259 727 385 870 stit,
399 709 853 858 tlthmhb
866 705 1296 855 imbibisti

306 877 388 940 Huic
407 878 585 958 exposcenti
604 881 741 960 satrapes
761 877 905 940 resistere
926 896 987 941 non
1005 877 1105 959 potuit
1124 879 1157 940 at
1171 879 1297 940 violare

307 963 500 1028 clementiam
514 981 605 1044 quam
619 964 702 1044 regis
717 983 789 1046 opes
804 963 905 1026 minut
913 963 1032 1028 maluit.
1074 963 1185 1043 Itaque
1204 963 1298 1026 misit

308 1048 515 1130 Susametrem
535 1052 566 1111 et
581 1047 738 1128 Bugaeum
760 1049 799 1111 ad
818 1047 1010 1110 Alcibiadem
1035 1047 1296 1126 interficiendum,

307 1153 377 1198 cum
395 1134 449 1198 ills
470 1135 551 1196 esset
570 1134 603 1196 in
618 1133 758 1216 Phrygia
776 1133 895 1215 iterque
914 1133 954 1196 ad
968 1152 1074 1216 regem
1088 1141 1295 1215 compararet.

245 1215 286 1282 10
307 1218 396 1282 Missi
419 1221 498 1284 clam
512 1219 677 1295 vicinitati,
701 1221 734 1282 in
748 1239 808 1300 qua
827 1223 894 1280 tum
907 1218 1085 1281 Alcibiades
1108 1222 1190 1294 erat,
1215 1220 1298 1282 dant

306 1304 473 1386 negotium,
487 1309 523 1368 ut
537 1325 608 1368 eum
621 1305 812 1369 interficiant.
835 1304 891 1366 Illi
903 1323 975 1367 cum
986 1305 1067 1368 ferro
1078 1324 1149 1366 eum
1160 1306 1295 1387 aggredi

307 1411 368 1456 non
382 1389 543 1467 auderent,
566 1395 658 1454 noctu
678 1391 764 1470 ligna
785 1390 979 1454 contulerunt
999 1391 1080 1454 circa
1094 1405 1197 1453 casam
1211 1409 1293 1468 eam,

307 1479 340 1538 in
355 1495 416 1556 qua
429 1475 618 1556 quiescebat,
641 1495 738 1556 eaque
758 1475 991 1551 succenderunt,
1013 1481 1049 1536 ut
1063 1475 1204 1538 incendio
1219 1496 1295 1540 con·

305 1561 447 1636 licerent,
474 1579 567 1641 quem
591 1579 684 1624 mauu
710 1561 850 1642 superari
875 1581 965 1642 posse
988 1560 1176 1624 diffidebant.
1229 1561 1294 1624 Ille

242 1641 285 1707 15
306 1648 409 1716 autem
430 1649 464 1707 nt
484 1645 586 1709 sonitu
605 1647 745 1709 dammae
765 1650 813 1710 est
832 1647 998 1722 excitatus,
1025 1666 1095 1709 cum
1117 1647 1241 1729 gladius
1261 1648 1294 1710 ci
1353 1725 1354 1728 Ἴ

307 1734 389 1794 esset
409 1731 590 1807 subductus,
618 1732 779 1794 familiaris
800 1732 848 1794 sui
869 1732 1011 1795 subalare
1033 1732 1131 1794 telum
1151 1733 1292 1814 arripuit

306 1817 446 1898 Namque
469 1821 536 1880 eret
556 1836 625 1882 cum
650 1837 686 1880 co
712 1817 836 1899 quidam
861 1837 903 1878 ex
918 1816 1059 1880 *Arcadia
1082 1818 1210 1898 hospes,
1240 1819 1294 1899 qui

307 1921 473 1984 numquam
486 1903 645 1966 discedam
659 1903 807 1967 voluerat.
850 1902 942 1965 Hunc
956 1903 1042 1983 sequi
1056 1923 1091 1966 se
1104 1903 1190 1966 iubet
1204 1907 1237 1966 et
1250 1905 1293 1981 id,

308 1989 389 2070 quod
409 1988 441 2051 in
463 1989 637 2070 praesentia
658 1990 912 2052 vestimentorum
931 1989 999 2064 fuit,
1024 1989 1141 2070 arripit
1184 1987 1243 2052 His
1260 1991 1294 2050 in

238 2069 285 2136 20
305 2075 410 2155 ignem
429 2075 534 2137 eiectis
559 2076 699 2138 flammae
719 2075 783 2138 vim
808 2075 938 2137 transiit.
984 2073 1085 2146 Quem
1107 2077 1141 2136 ut
1163 2073 1288 2134 barbari

307 2160 481 2222 incendium
501 2159 644 2242 effugisse
665 2160 824 2234 viderunt,
846 2160 916 2222 telis
938 2160 1057 2222 eminus
1079 2158 1177 2221 missis
1192 2158 1289 2220 inter-

306 2246 445 2308 fecerunt
459 2249 609 2326 caputque
632 2245 698 2307 eius
721 2245 761 2308 ad
775 2245 1006 2308 Pharnabazum
1021 2244 1198 2308 retulerunt.
1246 2243 1292 2306 At

306 2331 428 2405 mulier,
444 2349 521 2409 quae
536 2349 606 2392 cum
618 2351 653 2393 ec
664 2332 772 2392 uivere
788 2333 959 2407 consuerat,
974 2331 1116 2394 muliebri
1131 2349 1188 2392 sua
1201 2333 1290 2394 veste
1355 2379 1356 2386 κ

307 2417 480 2479 contectum
494 2415 625 2478 aedificii
638 2415 778 2480 incendio
791 2421 946 2478 mortuum
966 2417 1135 2494 cremavit,
1154 2416 1237 2498 quod
1251 2417 1291 2480 ad

244 2496 287 2562 25
309 2499 416 2562 vivum
437 2500 672 2563 interimendum
692 2505 757 2564 eret
778 2505 996 2583 comparatum.
1041 2500 1092 2564 Sic
1111 2500 1290 2564 Alcibiades

308 2605 402 2650 annos
416 2585 537 2648 circiter
552 2587 755 2667 quadraginta
768 2592 858 2650 natus
873 2587 954 2648 diem
970 2607 1146 2668 supremum
1160 2587 1247 2650 obiit.

221 2671 307 2736 xm
393 2670 485 2734 Hunc
505 2671 685 2736 infamatum
705 2693 724 2734 a
743 2673 898 2754 plerisque
918 2676 981 2734 tres
996 2672 1175 2752 gravissimi
1189 2692 1290 2736 rerum

308 2759 472 2840 scriptores
488 2758 614 2820 summis
637 2760 778 2822 laudibus
793 2759 984 2821 extulerunt:
1009 2757 1216 2839 Thucydides,
1241 2759 1292 2838 qui

310 2844 446 2906 eiusdem
471 2844 580 2906 aetatis
605 2845 677 2920 tuit,
703 2864 886 2926 quamquam
906 2843 984 2905 vitia
1011 2844 1090 2918 eius,
1121 2843 1292 2920 libidinem,

243 2924 287 2991 30
308 2929 478 3006 luxuriam,
502 2930 628 2992 nimiam
643 2930 838 2993 ambitionem
852 2949 913 2991 non
927 2929 1050 3004 reticet,
1067 2929 1290 3010 Theopompus,

309 3015 362 3096 qui
382 3015 537 3095 aliquanto
561 3020 631 3097 pcst
651 3018 742 3078 natus
763 3019 824 3092 eet,
847 3014 1003 3089 Timaeum
1019 3013 1071 3095 qui
1093 3014 1218 3094 quidem
1231 3016 1291 3078 duo

310 3100 589 3164 maledicentissimi
614 3102 716 3163 nescio
743 3101 892 3182 quomodo
917 3101 950 3162 in
974 3099 1028 3162 illc
1051 3119 1112 3162 unc
1136 3099 1291 3161 laudando

310 3184 534 3246 concinuerunt.
579 3185 718 3266 Namque
733 3206 776 3262 ea,
800 3206 876 3266 quae
891 3185 1185 3266 suprascripsimus,
1201 3185 1242 3246 dc
1257 3204 1292 3248 ec

310 3269 565 3350 praedicaverunt
578 3274 670 3351 atque
686 3272 743 3334 hcc
757 3272 903 3353 amplius;
925 3289 994 3332 cum
1008 3271 1147 3347 Athenis,
1165 3271 1292 3332 civitate

243 3353 288 3418 35
309 3354 567 3438 splendidissima,
581 3362 671 3418 natus
687 3361 776 3430 esset,
792 3376 896 3419 omnes
912 3357 1075 3437 splendore
1089 3375 1126 3418 ac
1141 3355 1293 3435 dignitate

309 3442 394 3506 ritae
407 3459 583 3522 superasee;
598 3444 758 3523 postquam
772 3442 843 3504 inde
857 3442 1005 3522 expulsus
1017 3441 1136 3504 Thebas
1147 3442 1292 3514 venisset,

310 3527 385 3590 adeo
400 3527 509 3590 studiis
524 3547 629 3591 eorum
643 3526 821 3601 inseruisse,
842 3529 878 3587 ut
897 3547 986 3590 nomo
1007 3546 1077 3590 eum
1097 3527 1204 3590 labore
1225 3545 1292 3590 cor·

310 3612 452 3693 purisque
474 3613 592 3676 viribus
614 3614 718 3694 posset
732 3612 930 3693 aequiparare
944 3617 1060 3689 (omnes
1076 3613 1159 3675 enim
1173 3611 1294 3674 Boeotii
