2720 4482
324 355 388 424 108
659 356 734 418 XX.
756 353 964 418 DATAMES.

322 533 441 611 gestam
453 529 608 609 comperit,
621 529 725 590 statim
737 529 858 600 admitti
868 528 966 604 iussit,
978 547 1165 608 magnopere
1177 527 1311 589 delecta-

322 621 373 677 tus
397 634 467 678 cum
490 616 569 676 laeto
596 618 664 675 tum
689 617 811 687 ornatu,
835 615 867 674 in
888 615 996 695 primis
1017 615 1099 692 quod
1125 613 1241 676 nobilis
1256 634 1311 674 rex

323 702 356 762 in
377 705 559 782 potestatem
579 701 748 780 inopinanti
767 709 901 761 venerat.
946 700 1055 778 ltaque
1070 699 1238 778 magnifiee
1252 699 1311 758 Da-

288 840 294 850 ,
324 792 426 849 minen
438 788 583 848 donatum
594 786 633 848 ad
645 787 814 848 exercitum
824 786 916 860 misit,
933 786 1062 865 quitum
1073 785 1312 846 contrahebatur

280 867 303 934 5
323 873 401 934 duce
425 872 620 934 Pharnabazo
646 881 677 932 et
702 871 876 932 Tithrauste
903 872 941 934 ad
963 872 1079 932 bellum
1104 872 1310 950 Aegyptium,

323 955 451 1038 parique
466 976 536 1018 eum
551 963 642 1037 atque
661 957 731 1018 illos
745 959 872 1038 imperio
888 977 955 1018 esse
970 957 1066 1018 iussit
1105 957 1222 1020 Postea
1236 977 1312 1018 vero

326 1063 416 1126 quam
430 1043 662 1104 Pharnabazum
689 1063 747 1104 rex
773 1044 941 1118 revocarit,
968 1043 1016 1104 illi
1041 1061 1164 1104 summa
1188 1043 1311 1123 imperii

325 1130 440 1190 tradita
454 1135 508 1190 est.

256 1212 305 1275 IV
411 1214 471 1275 Hic
483 1233 552 1274 oum
564 1215 699 1276 maximo
710 1215 811 1276 studio
823 1217 1012 1294 compararet
1024 1214 1196 1275 exercitum
1204 1214 1310 1295 Aegy-

262 1296 305 1361 10
325 1303 472 1383 ptumque
492 1301 643 1380 proficisci
657 1307 793 1380 pararet,
816 1301 914 1362 subito
936 1319 1042 1380 arege
1057 1293 1179 1362 litterae
1194 1311 1270 1361 sunt
1285 1301 1313 1360 ei

325 1387 451 1462 missae,
474 1394 509 1446 ut
523 1385 632 1466 Aspim
647 1387 880 1464 aggrederetur,
905 1385 957 1465 qui
972 1383 1151 1448 Cataoniam
1172 1387 1313 1447 tenebat:

327 1491 405 1550 quae
431 1492 508 1550 gens
538 1473 617 1532 iacet
645 1491 738 1551 supra
764 1469 903 1532 Ciliciam
933 1473 1057 1532 confinis
1088 1469 1310 1552 Cappadociae.

325 1558 466 1636 Namque
481 1557 573 1635 Aspis
589 1557 754 1616 saltuosam
769 1557 927 1636 regionem
949 1557 1144 1636 castellisque
1159 1559 1314 1618 munitam

326 1643 460 1703 incolens
475 1661 535 1702 non
551 1643 649 1702 solum
669 1642 795 1722 imperio
816 1645 899 1723 regis
919 1663 980 1704 non
994 1643 1130 1723 parebat,
1146 1643 1201 1704 sed
1217 1645 1313 1704 etiam

264 1721 307 1788 15
327 1728 472 1788 finitimas
492 1727 632 1807 regiones
652 1729 787 1790 vexabat
806 1735 838 1789 et
857 1748 935 1807 quae
954 1729 1022 1806 regi
1042 1735 1240 1808 portarentur
1259 1730 1311 1790 ab·

327 1814 466 1894 ripiebat.
510 1812 655 1874 Datames
670 1815 727 1874 etsi
743 1815 835 1894 louge
854 1816 960 1876 aberat
974 1816 1012 1875 ab
1028 1816 1072 1874 eis
1085 1815 1265 1894 regionibus
1281 1817 1313 1876 et

329 1901 476 1962 amaiore
491 1919 525 1959 re
540 1900 784 1975 abstrahebatur,
807 1906 910 1961 tamen
925 1901 1009 1980 regis
1023 1901 1178 1962 voluntati
1193 1921 1311 1962 morem

328 1988 497 2066 gerendum
512 1987 638 2065 putavit.
677 1987 786 2066 Itaque
801 2005 870 2046 cum
884 1987 1001 2069 paucis,
1018 1987 1072 2046 sed
1087 1986 1164 2047 viris
1179 1988 1312 2048 fortibus

327 2069 437 2134 navem
461 2073 648 2147 conscendit,
674 2073 853 2133 existimans
876 2072 955 2151 quod
977 2073 1100 2146 accidit,
1131 2073 1254 2134 facilius
1276 2092 1310 2131 se

262 2149 307 2218 20
328 2158 552 2240 imprudentem
575 2177 674 2238 parva
693 2177 786 2218 manu
814 2177 1029 2238 oppressurum
1051 2176 1142 2236 quam
1167 2165 1308 2239 paratum

327 2245 467 2324 quamvis
482 2263 593 2325 magno
608 2243 756 2308 exercitu.
779 2243 845 2304 Hac
860 2245 979 2306 delatus
993 2244 1024 2302 in
1041 2241 1190 2319 Ciliciam,
1207 2244 1306 2324 egres-

327 2349 379 2389 sus
394 2331 466 2390 iude
480 2331 545 2390 dies
560 2333 723 2408 noctesque
735 2331 793 2390 iter
805 2331 919 2391 faciens
931 2330 1065 2390 Taurum
1076 2330 1201 2392 transiit
1215 2350 1307 2409 eoque

327 2433 386 2492 quo
402 2414 560 2474 studuerat
574 2416 666 2474 venit.
691 2414 822 2484 Quaerit
835 2417 943 2493 quibus
957 2415 1033 2476 locis
1054 2415 1094 2475 sit
1108 2414 1219 2496 Aspis:
1240 2435 1305 2494 eog-

326 2499 425 2559 noscit
450 2499 531 2559 haud
557 2500 649 2577 longe
674 2500 781 2562 abesse
806 2503 1034 2580 profectumque
1060 2521 1128 2560 eum
1153 2510 1304 2564 venatum.

261 2573 305 2641 25
328 2582 415 2653 Quae
430 2585 503 2645 dum
525 2586 715 2664 speculatur,
739 2585 891 2646 adventus
914 2587 979 2646 eius
995 2605 1086 2647 eausa
1101 2592 1304 2665 cognoscitur.

326 2668 446 2731 Pisidas
469 2689 537 2731 cum
560 2671 619 2748 eis,
646 2691 722 2750 quos
744 2691 847 2732 secum
868 2672 1014 2748 habebat,
1041 2673 1080 2732 ad
1103 2675 1305 2735 resistendum

326 2755 420 2837 Aspis
443 2760 606 2838 comparat.
652 2758 690 2817 ld
713 2757 857 2820 Datames
878 2758 931 2818 ubi
954 2758 1080 2832 audiuit,
1104 2777 1192 2820 arma
1207 2761 1303 2833 sumit,

326 2862 397 2904 suos
412 2845 497 2923 sequi
512 2844 608 2917 iubet,
632 2844 698 2924 ipse
712 2864 788 2924 equo
804 2845 952 2905 concitato
975 2843 1014 2903 ad
1036 2844 1153 2904 hostem
1175 2847 1303 2906 vehitur.

326 2926 426 2997 Quem
440 2929 546 3009 procul
561 2929 654 3009 Aspis
671 2931 858 3011 conspiciens
879 2931 918 2990 ad
939 2949 972 2989 se
992 2931 1140 2990 ferentem
1165 2933 1303 3011 pertime-

262 3005 306 3072 30
327 3014 385 3073 soit
416 3022 507 3094 atque
533 3034 552 3075 a
578 3017 685 3076 conatu
710 3017 873 3077 resistendi
897 3016 1061 3076 deterritus
1087 3035 1154 3084 sese
1181 3018 1301 3078 dedidit.

327 3097 417 3158 Hune
438 3100 582 3161 Datames
605 3102 742 3160 uinctum
765 3102 804 3162 ad
826 3120 932 3182 regem
953 3101 1125 3162 ducendum
1139 3104 1235 3164 tradit
1249 3103 1303 3162 Mi-

326 3182 467 3244 thradati.

275 3261 305 3324 V
413 3267 499 3330 Haec
528 3271 601 3330 dum
630 3273 792 3350 geruntur,
822 3271 1027 3346 Artaxerxes,
1061 3273 1258 3335 reminiscens
1287 3292 1304 3334 a

327 3359 440 3433 quanto
456 3355 537 3416 bello
559 3357 703 3434 adquam
719 3375 847 3436 parvam
861 3377 926 3418 rem
941 3359 1109 3439 prinoipem
1125 3360 1237 3420 ducum
1251 3360 1303 3419 mi-

261 3432 305 3497 35
328 3441 426 3516 sisset,
443 3461 475 3501 se
490 3441 555 3521 ipse
570 3443 766 3522 reprehendit
780 3449 812 3504 et
825 3444 965 3504 nuntium
981 3445 1020 3506 ad
1035 3446 1207 3507 exereitum
1221 3444 1302 3506 Acen

326 3526 417 3603 misit,
435 3528 515 3607 quod
529 3530 663 3590 nondum
678 3528 827 3590 Datamen
842 3532 1011 3610 profectum
1032 3530 1172 3610 putabat,
1195 3533 1245 3611 qui
1260 3531 1301 3591 di·

327 3618 417 3690 ceret,
431 3634 471 3674 ne
485 3615 523 3675 ab
538 3615 676 3676 exercitu
691 3614 869 3676 diseederet
900 3615 960 3678 Hic
974 3617 1151 3696 priusquam
1165 3617 1299 3698 perveni·

326 3700 375 3758 ret
388 3719 446 3777 quo
462 3703 528 3762 erat
542 3701 710 3780 profectus,
733 3700 764 3761 in
779 3701 889 3762 itinere
903 3700 1046 3762 convenit
1061 3703 1112 3782 qui
1127 3701 1234 3782 Aspim
1248 3703 1298 3764 du·
