<?xml version="1.0" encoding="UTF-8"?>
<!DOCTYPE html PUBLIC "-//W3C//DTD XHTML 1.0 Transitional//EN"
    "http://www.w3.org/TR/xhtml1/DTD/xhtml1-transitional.dtd">
<html xmlns="http://www.w3.org/1999/xhtml" xml:lang="en" lang="en">
 <head>
  <title>
</title>
<meta http-equiv="Content-Type" content="text/html;charset=utf-8" />
  <meta name='ocr-system' content='tesseract 3.04.00' />
  <meta name='ocr-capabilities' content='ocr_page ocr_carea ocr_par ocr_line ocrx_word'/>
</head>
<body>
  <div class='ocr_page' id='page_1' title='image "./liberdeexcelben01nepogoog_0058.png"; bbox 0 0 2748 4486; ppageno 0'>
   <div class='ocr_carea' id='block_1_1' title="bbox 408 360 1058 426">
    <p class='ocr_par' dir='ltr' id='par_1_1' title="bbox 408 360 1058 426">
     <span class='ocr_line' id='line_1_1' title="bbox 408 360 1058 426; baseline 0.003 -2"><span class='ocrx_word' id='word_1_1' title='bbox 408 363 468 424; x_wconf 91' lang='grc' dir='ltr'><strong>ΠΙ.</strong></span> <span class='ocrx_word' id='word_1_2' title='bbox 491 360 721 425; x_wconf 79' lang='lat' dir='ltr'><strong>ARISPIDES.</strong></span> <span class='ocrx_word' id='word_1_3' title='bbox 1015 361 1058 426; x_wconf 78' lang='lat'><strong>25</strong></span> 
     </span>
    </p>
   </div>
   <div class='ocr_carea' id='block_1_2' title="bbox 1 530 1155 3784">
    <p class='ocr_par' dir='ltr' id='par_1_2' title="bbox 1 530 1129 1898">
     <span class='ocr_line' id='line_1_2' title="bbox 158 530 1112 616; baseline -0.006 -16"><span class='ocrx_word' id='word_1_4' title='bbox 158 537 273 616; x_wconf 76' lang='lat' dir='ltr'><strong>Pugna</strong></span> <span class='ocrx_word' id='word_1_5' title='bbox 293 534 405 596; x_wconf 91' lang='lat' dir='ltr'><strong>deinde</strong></span> <span class='ocrx_word' id='word_1_6' title='bbox 426 533 589 596; x_wconf 87' lang='lat' dir='ltr'><strong>commissa</strong></span> <span class='ocrx_word' id='word_1_7' title='bbox 610 531 816 595; x_wconf 75' lang='lat' dir='ltr'><strong>Athenienses</strong></span> <span class='ocrx_word' id='word_1_8' title='bbox 839 531 908 595; x_wconf 87' lang='lat' dir='ltr'><strong>cum</strong></span> <span class='ocrx_word' id='word_1_9' title='bbox 933 531 1060 600; x_wconf 86' lang='lat' dir='ltr'><strong>Graecis</strong></span> <span class='ocrx_word' id='word_1_10' title='bbox 1082 530 1112 594; x_wconf 83' lang='lat' dir='ltr'><strong>V</strong></span> 
     </span>
     <span class='ocr_line' id='line_1_3' title="bbox 71 619 1058 796; baseline -0.001 -27"><span class='ocrx_word' id='word_1_11' title='bbox 71 641 228 769; x_wconf 53' lang='lat' dir='ltr'><strong>blond</strong></span> <span class='ocrx_word' id='word_1_12' title='bbox 243 619 1058 796; x_wconf 55' lang='lat' dir='ltr'><strong>&amp;lhilttttdtttttttl,tabet</strong></span> 
     </span>
     <span class='ocr_line' id='line_1_4' title="bbox 73 791 1058 872; baseline -0.002 -17"><span class='ocrx_word' id='word_1_13' title='bbox 73 794 157 856; x_wconf 88' lang='lat' dir='ltr'><strong>clara</strong></span> <span class='ocrx_word' id='word_1_14' title='bbox 167 811 246 856; x_wconf 86' lang='lat' dir='ltr'><strong>voce</strong></span> <span class='ocrx_word' id='word_1_15' title='bbox 256 791 418 872; x_wconf 74' lang='lat' dir='ltr'><strong>increpuit,</strong></span> <span class='ocrx_word' id='word_1_16' title='bbox 434 793 606 865; x_wconf 73' lang='lat' dir='ltr'><strong>obsecrans,</strong></span> <span class='ocrx_word' id='word_1_17' title='bbox 622 793 658 852; x_wconf 90' lang='lat' dir='ltr'><strong>ut</strong></span> <span class='ocrx_word' id='word_1_18' title='bbox 667 808 772 871; x_wconf 84' lang='lat' dir='ltr'><strong>pugna</strong></span> <span class='ocrx_word' id='word_1_19' title='bbox 782 791 970 854; x_wconf 76' lang='lat' dir='ltr'><strong>abstinerent</strong></span> <span class='ocrx_word' id='word_1_20' title='bbox 979 810 1058 854; x_wconf 80' lang='lat' dir='ltr'><strong>neve</strong></span> 
     </span>
     <span class='ocr_line' id='line_1_5' title="bbox 72 873 1102 960; baseline 0.002 -19"><span class='ocrx_word' id='word_1_21' title='bbox 72 880 130 941; x_wconf 84' lang='lat' dir='ltr'><strong>sibi</strong></span> <span class='ocrx_word' id='word_1_22' title='bbox 144 877 365 960; x_wconf 90' lang='lat' dir='ltr'><strong>impedimento</strong></span> <span class='ocrx_word' id='word_1_23' title='bbox 386 879 502 953; x_wconf 88' lang='lat' dir='ltr'><strong>essent,</strong></span> <span class='ocrx_word' id='word_1_24' title='bbox 524 875 684 957; x_wconf 89' lang='lat' dir='ltr'><strong>quominus</strong></span> <span class='ocrx_word' id='word_1_25' title='bbox 706 893 895 939; x_wconf 90' lang='lat' dir='ltr'><strong>communem</strong></span> <span class='ocrx_word' id='word_1_26' title='bbox 910 873 1058 940; x_wconf 74' lang='lat' dir='ltr'><strong>Graeciae</strong></span> <span class='ocrx_word' id='word_1_27' title='bbox 1079 879 1102 944; x_wconf 82' lang='lat'>5</span> 
     </span>
     <span class='ocr_line' id='line_1_6' title="bbox 71 960 1129 1043; baseline -0.001 -15"><span class='ocrx_word' id='word_1_28' title='bbox 71 966 250 1028; x_wconf 85' lang='lat' dir='ltr'><strong>libertatem</strong></span> <span class='ocrx_word' id='word_1_29' title='bbox 264 965 431 1026; x_wconf 89' lang='lat' dir='ltr'><strong>tuerentur.</strong></span> <span class='ocrx_word' id='word_1_30' title='bbox 476 961 523 1023; x_wconf 94' lang='lat' dir='ltr'><strong>Ac</strong></span> <span class='ocrx_word' id='word_1_31' title='bbox 537 960 662 1043; x_wconf 89' lang='lat' dir='ltr'><strong>plurimi</strong></span> <span class='ocrx_word' id='word_1_32' title='bbox 675 962 798 1043; x_wconf 89' lang='lat' dir='ltr'><strong>quidem</strong></span> <span class='ocrx_word' id='word_1_33' title='bbox 813 962 1059 1027; x_wconf 85' lang='lat' dir='ltr'><strong>adversariorum</strong></span> <span class='ocrx_word' id='word_1_34' title='bbox 1128 989 1129 992; x_wconf 43' lang='lat'>¹</span> 
     </span>
     <span class='ocr_line' id='line_1_7' title="bbox 72 1048 1057 1132; baseline 0 -20"><span class='ocrx_word' id='word_1_35' title='bbox 72 1051 162 1112; x_wconf 76' lang='lat' dir='ltr'><strong>brevi</strong></span> <span class='ocrx_word' id='word_1_36' title='bbox 175 1052 247 1132; x_wconf 94' lang='lat' dir='ltr'><strong>post</strong></span> <span class='ocrx_word' id='word_1_37' title='bbox 260 1049 383 1111; x_wconf 90' lang='lat' dir='ltr'><strong>initium</strong></span> <span class='ocrx_word' id='word_1_38' title='bbox 397 1068 519 1130; x_wconf 84' lang='lat' dir='ltr'><strong>pugnae</strong></span> <span class='ocrx_word' id='word_1_39' title='bbox 533 1068 575 1110; x_wconf 88' lang='lat' dir='ltr'><strong>ex</strong></span> <span class='ocrx_word' id='word_1_40' title='bbox 589 1048 655 1110; x_wconf 89' lang='lat' dir='ltr'><strong>acie</strong></span> <span class='ocrx_word' id='word_1_41' title='bbox 670 1053 869 1112; x_wconf 85' lang='lat' dir='ltr'><strong>excesserunt</strong></span> <span class='ocrx_word' id='word_1_42' title='bbox 874 1073 882 1126; x_wconf 91' lang='lat'>;</span> <span class='ocrx_word' id='word_1_43' title='bbox 899 1069 968 1112; x_wconf 90' lang='lat' dir='ltr'><strong>cnm</strong></span> <span class='ocrx_word' id='word_1_44' title='bbox 980 1051 1057 1112; x_wconf 82' lang='lat' dir='ltr'><strong>Phe·</strong></span> 
     </span>
     <span class='ocr_line' id='line_1_8' title="bbox 73 1134 1060 1215; baseline -0.001 -15"><span class='ocrx_word' id='word_1_45' title='bbox 73 1137 161 1200; x_wconf 85' lang='lat' dir='ltr'><strong>banis</strong></span> <span class='ocrx_word' id='word_1_46' title='bbox 182 1139 288 1198; x_wconf 88' lang='lat' dir='ltr'><strong>tamen</strong></span> <span class='ocrx_word' id='word_1_47' title='bbox 309 1134 496 1214; x_wconf 85' lang='lat' dir='ltr'><strong>aliquamdiu</strong></span> <span class='ocrx_word' id='word_1_48' title='bbox 517 1139 686 1215; x_wconf 85' lang='lat' dir='ltr'><strong>pugnatum</strong></span> <span class='ocrx_word' id='word_1_49' title='bbox 707 1139 768 1211; x_wconf 86' lang='lat' dir='ltr'><strong>est,</strong></span> <span class='ocrx_word' id='word_1_50' title='bbox 797 1136 894 1198; x_wconf 88' lang='lat' dir='ltr'><strong>donec</strong></span> <span class='ocrx_word' id='word_1_51' title='bbox 913 1136 1060 1199; x_wconf 86' lang='lat' dir='ltr'><strong>universa</strong></span> 
     </span>
     <span class='ocr_line' id='line_1_9' title="bbox 73 1219 1057 1300; baseline 0 -16"><span class='ocrx_word' id='word_1_52' title='bbox 73 1223 229 1285; x_wconf 85' lang='lat' dir='ltr'><strong>exercitus</strong></span> <span class='ocrx_word' id='word_1_53' title='bbox 250 1220 370 1283; x_wconf 86' lang='lat' dir='ltr'><strong>hostilis</strong></span> <span class='ocrx_word' id='word_1_54' title='bbox 393 1221 468 1300; x_wconf 84' lang='lat' dir='ltr'><strong>fuga</strong></span> <span class='ocrx_word' id='word_1_55' title='bbox 489 1220 591 1296; x_wconf 90' lang='lat' dir='ltr'><strong>fieret,</strong></span> <span class='ocrx_word' id='word_1_56' title='bbox 617 1219 752 1282; x_wconf 85' lang='lat' dir='ltr'><strong>maxime</strong></span> <span class='ocrx_word' id='word_1_57' title='bbox 778 1221 877 1283; x_wconf 88' lang='lat' dir='ltr'><strong>occiso</strong></span> <span class='ocrx_word' id='word_1_58' title='bbox 902 1222 934 1282; x_wconf 92' lang='lat' dir='ltr'><strong>in</strong></span> <span class='ocrx_word' id='word_1_59' title='bbox 959 1223 1057 1284; x_wconf 91' lang='lat' dir='ltr'><strong>altero</strong></span> 
     </span>
     <span class='ocr_line' id='line_1_10' title="bbox 73 1303 1122 1372; baseline 0.002 -2"><span class='ocrx_word' id='word_1_60' title='bbox 73 1327 168 1372; x_wconf 88' lang='lat' dir='ltr'><strong>cornu</strong></span> <span class='ocrx_word' id='word_1_61' title='bbox 192 1306 363 1369; x_wconf 88' lang='lat' dir='ltr'><strong>Mardonio.</strong></span> <span class='ocrx_word' id='word_1_62' title='bbox 413 1306 496 1368; x_wconf 87' lang='lat' dir='ltr'><strong>Victi</strong></span> <span class='ocrx_word' id='word_1_63' title='bbox 521 1308 623 1368; x_wconf 89' lang='lat' dir='ltr'><strong>autem</strong></span> <span class='ocrx_word' id='word_1_64' title='bbox 647 1304 762 1368; x_wconf 86' lang='lat' dir='ltr'><strong>Persae</strong></span> <span class='ocrx_word' id='word_1_65' title='bbox 787 1307 820 1366; x_wconf 90' lang='lat' dir='ltr'><strong>in</strong></span> <span class='ocrx_word' id='word_1_66' title='bbox 845 1309 956 1369; x_wconf 87' lang='lat' dir='ltr'><strong>castra.</strong></span> <span class='ocrx_word' id='word_1_67' title='bbox 970 1327 1057 1370; x_wconf 91' lang='lat' dir='ltr'><strong>muro</strong></span> <span class='ocrx_word' id='word_1_68' title='bbox 1080 1303 1122 1372; x_wconf 89' lang='lat'><strong>10</strong></span> 
     </span>
     <span class='ocr_line' id='line_1_11' title="bbox 73 1387 1058 1475; baseline -0.002 -19"><span class='ocrx_word' id='word_1_69' title='bbox 73 1395 177 1475; x_wconf 80' lang='lat' dir='ltr'><strong>ligneo</strong></span> <span class='ocrx_word' id='word_1_70' title='bbox 197 1393 317 1455; x_wconf 85' lang='lat' dir='ltr'><strong>munita</strong></span> <span class='ocrx_word' id='word_1_71' title='bbox 337 1393 495 1472; x_wconf 83' lang='lat' dir='ltr'><strong>fugerunt,</strong></span> <span class='ocrx_word' id='word_1_72' title='bbox 518 1411 595 1472; x_wconf 87' lang='lat' dir='ltr'><strong>quae</strong></span> <span class='ocrx_word' id='word_1_73' title='bbox 617 1391 722 1473; x_wconf 89' lang='lat' dir='ltr'><strong>paullo</strong></span> <span class='ocrx_word' id='word_1_74' title='bbox 742 1395 813 1473; x_wconf 88' lang='lat' dir='ltr'><strong>post</strong></span> <span class='ocrx_word' id='word_1_75' title='bbox 834 1393 873 1453; x_wconf 88' lang='lat' dir='ltr'><strong>ab</strong></span> <span class='ocrx_word' id='word_1_76' title='bbox 887 1387 1058 1454; x_wconf 89' lang='lat' dir='ltr'><strong>Athenien·</strong></span> 
     </span>
     <span class='ocr_line' id='line_1_12' title="bbox 74 1475 1058 1560; baseline 0.001 -19"><span class='ocrx_word' id='word_1_77' title='bbox 74 1481 158 1541; x_wconf 88' lang='lat' dir='ltr'><strong>sibus</strong></span> <span class='ocrx_word' id='word_1_78' title='bbox 174 1479 353 1560; x_wconf 84' lang='lat' dir='ltr'><strong>expugnata</strong></span> <span class='ocrx_word' id='word_1_79' title='bbox 367 1480 448 1543; x_wconf 89' lang='lat' dir='ltr'><strong>suut.</strong></span> <span class='ocrx_word' id='word_1_80' title='bbox 491 1477 566 1539; x_wconf 89' lang='lat' dir='ltr'><strong>Post</strong></span> <span class='ocrx_word' id='word_1_81' title='bbox 585 1496 720 1558; x_wconf 84' lang='lat' dir='ltr'><strong>pugnam</strong></span> <span class='ocrx_word' id='word_1_82' title='bbox 740 1478 852 1542; x_wconf 83' lang='lat' dir='ltr'><strong>factam</strong></span> <span class='ocrx_word' id='word_1_83' title='bbox 867 1477 948 1540; x_wconf 90' lang='lat' dir='ltr'><strong>inter</strong></span> <span class='ocrx_word' id='word_1_84' title='bbox 963 1475 1058 1542; x_wconf 81' lang='lat' dir='ltr'><strong>Grae-</strong></span> 
     </span>
     <span class='ocr_line' id='line_1_13' title="bbox 74 1563 1057 1642; baseline -0.001 -15"><span class='ocrx_word' id='word_1_85' title='bbox 74 1585 125 1627; x_wconf 91' lang='lat' dir='ltr'><strong>oos</strong></span> <span class='ocrx_word' id='word_1_86' title='bbox 137 1567 295 1627; x_wconf 89' lang='lat' dir='ltr'><strong>certamen</strong></span> <span class='ocrx_word' id='word_1_87' title='bbox 309 1566 383 1638; x_wconf 90' lang='lat' dir='ltr'><strong>erat,</strong></span> <span class='ocrx_word' id='word_1_88' title='bbox 399 1563 485 1638; x_wconf 91' lang='lat' dir='ltr'><strong>utris,</strong></span> <span class='ocrx_word' id='word_1_89' title='bbox 502 1563 749 1626; x_wconf 82' lang='lat' dir='ltr'><strong>Lacedaemoniis</strong></span> <span class='ocrx_word' id='word_1_90' title='bbox 761 1582 800 1626; x_wconf 87' lang='lat' dir='ltr'><strong>sn</strong></span> <span class='ocrx_word' id='word_1_91' title='bbox 810 1563 1057 1642; x_wconf 85' lang='lat' dir='ltr'><strong>Atheniensibus,</strong></span> 
     </span>
     <span class='ocr_line' id='line_1_14' title="bbox 73 1649 1058 1733; baseline 0 -21"><span class='ocrx_word' id='word_1_92' title='bbox 73 1652 192 1733; x_wconf 85' lang='lat' dir='ltr'><strong>primae</strong></span> <span class='ocrx_word' id='word_1_93' title='bbox 207 1651 311 1711; x_wconf 87' lang='lat' dir='ltr'><strong>essent</strong></span> <span class='ocrx_word' id='word_1_94' title='bbox 325 1649 455 1724; x_wconf 88' lang='lat' dir='ltr'><strong>dandae;</strong></span> <span class='ocrx_word' id='word_1_95' title='bbox 471 1649 514 1710; x_wconf 90' lang='lat' dir='ltr'><strong>ibi</strong></span> <span class='ocrx_word' id='word_1_96' title='bbox 529 1668 598 1710; x_wconf 90' lang='lat' dir='ltr'><strong>cum</strong></span> <span class='ocrx_word' id='word_1_97' title='bbox 612 1669 673 1720; x_wconf 91' lang='lat' dir='ltr'><strong>non</strong></span> <span class='ocrx_word' id='word_1_98' title='bbox 688 1650 818 1712; x_wconf 89' lang='lat' dir='ltr'><strong>multum</strong></span> <span class='ocrx_word' id='word_1_99' title='bbox 833 1651 963 1728; x_wconf 91' lang='lat' dir='ltr'><strong>abesset,</strong></span> <span class='ocrx_word' id='word_1_100' title='bbox 985 1651 1058 1732; x_wconf 89' lang='lat' dir='ltr'><strong>quin</strong></span> 
     </span>
     <span class='ocr_line' id='line_1_15' title="bbox 74 1733 1122 1817; baseline 0.002 -18.87"><span class='ocrx_word' id='word_1_101' title='bbox 74 1757 125 1798; x_wconf 91' lang='lat' dir='ltr'><strong>res</strong></span> <span class='ocrx_word' id='word_1_102' title='bbox 151 1733 339 1798; x_wconf 82' lang='lat' dir='ltr'><strong>Graecorum</strong></span> <span class='ocrx_word' id='word_1_103' title='bbox 364 1734 519 1798; x_wconf 89' lang='lat' dir='ltr'><strong>discordia</strong></span> <span class='ocrx_word' id='word_1_104' title='bbox 544 1734 765 1811; x_wconf 80' lang='lat' dir='ltr'><strong>dilaberentur,</strong></span> <span class='ocrx_word' id='word_1_105' title='bbox 796 1734 948 1799; x_wconf 76' lang='lat' dir='ltr'><strong>Aristides</strong></span> <span class='ocrx_word' id='word_1_106' title='bbox 974 1737 1057 1817; x_wconf 91' lang='lat' dir='ltr'><strong>prior</strong></span> <span class='ocrx_word' id='word_1_107' title='bbox 1080 1733 1122 1800; x_wconf 78' lang='lat'><strong>15</strong></span> 
     </span>
     <span class='ocr_line' id='line_1_16' title="bbox 1 1820 1057 1898; baseline 0.002 -15"><span class='ocrx_word' id='word_1_108' title='bbox 1 1841 2 1872; x_wconf 61' lang='lat'>³</span> <span class='ocrx_word' id='word_1_109' title='bbox 76 1821 309 1884; x_wconf 87' lang='lat' dir='ltr'><strong>Atheniensium</strong></span> <span class='ocrx_word' id='word_1_110' title='bbox 322 1820 453 1895; x_wconf 90' lang='lat' dir='ltr'><strong>nomine,</strong></span> <span class='ocrx_word' id='word_1_111' title='bbox 469 1822 503 1881; x_wconf 90' lang='lat' dir='ltr'><strong>ut</strong></span> <span class='ocrx_word' id='word_1_112' title='bbox 514 1823 667 1882; x_wconf 89' lang='lat' dir='ltr'><strong>certarnen</strong></span> <span class='ocrx_word' id='word_1_113' title='bbox 680 1820 882 1898; x_wconf 85' lang='lat' dir='ltr'><strong>dirimeretur,</strong></span> <span class='ocrx_word' id='word_1_114' title='bbox 899 1821 1057 1885; x_wconf 88' lang='lat' dir='ltr'><strong>Plataeen-</strong></span> 
     </span>
    </p>

    <p class='ocr_par' dir='ltr' id='par_1_3' title="bbox 1 1904 1057 1986">
     <span class='ocr_line' id='line_1_17' title="bbox 1 1904 1057 1986; baseline 0.003 -20"><span class='ocrx_word' id='word_1_115' title='bbox 1 1919 2 1982; x_wconf 43' lang='grc' dir='ltr'>ᾗ</span> <span class='ocrx_word' id='word_1_116' title='bbox 79 1907 167 1966; x_wconf 87' lang='lat' dir='ltr'><strong>sibus</strong></span> <span class='ocrx_word' id='word_1_117' title='bbox 181 1923 231 1966; x_wconf 85' lang='lat' dir='ltr'><strong>eas</strong></span> <span class='ocrx_word' id='word_1_118' title='bbox 246 1905 401 1982; x_wconf 87' lang='lat' dir='ltr'><strong>concessit,</strong></span> <span class='ocrx_word' id='word_1_119' title='bbox 423 1925 514 1985; x_wconf 88' lang='lat' dir='ltr'><strong>quem</strong></span> <span class='ocrx_word' id='word_1_120' title='bbox 529 1905 638 1967; x_wconf 91' lang='lat' dir='ltr'><strong>deinde</strong></span> <span class='ocrx_word' id='word_1_121' title='bbox 652 1904 820 1967; x_wconf 86' lang='lat' dir='ltr'><strong>Pausanias</strong></span> <span class='ocrx_word' id='word_1_122' title='bbox 835 1927 891 1986; x_wconf 91' lang='lat' dir='ltr'><strong>pro</strong></span> <span class='ocrx_word' id='word_1_123' title='bbox 905 1906 1057 1969; x_wconf 87' lang='lat' dir='ltr'><strong>Lacedae-</strong></span> 
     </span>
    </p>

    <p class='ocr_par' dir='ltr' id='par_1_4' title="bbox 1 1990 1155 2398">
     <span class='ocr_line' id='line_1_18' title="bbox 1 1990 1155 2072; baseline -0.001 -19"><span class='ocrx_word' id='word_1_124' title='bbox 1 2001 2 2031; x_wconf 78' lang='lat'><em>³</em></span> <span class='ocrx_word' id='word_1_125' title='bbox 80 1990 190 2053; x_wconf 91' lang='lat' dir='ltr'><strong>moniis</strong></span> <span class='ocrx_word' id='word_1_126' title='bbox 204 1993 321 2054; x_wconf 85' lang='lat' dir='ltr'><strong>secutus</strong></span> <span class='ocrx_word' id='word_1_127' title='bbox 335 1994 391 2054; x_wconf 90' lang='lat' dir='ltr'><strong>est.</strong></span> <span class='ocrx_word' id='word_1_128' title='bbox 436 1993 487 2052; x_wconf 89' lang='lat' dir='ltr'><strong>Ita</strong></span> <span class='ocrx_word' id='word_1_129' title='bbox 500 1991 600 2070; x_wconf 80' lang='lat' dir='ltr'><strong>gratia</strong></span> <span class='ocrx_word' id='word_1_130' title='bbox 614 1991 810 2054; x_wconf 88' lang='lat' dir='ltr'><strong>reconciliata</strong></span> <span class='ocrx_word' id='word_1_131' title='bbox 825 1991 974 2052; x_wconf 87' lang='lat' dir='ltr'><strong>decimam</strong></span> <span class='ocrx_word' id='word_1_132' title='bbox 989 2011 1057 2072; x_wconf 89' lang='lat' dir='ltr'><strong>par·</strong></span> <span class='ocrx_word' id='word_1_133' title='bbox 1153 2028 1155 2034; x_wconf 93' lang='lat'>·</span> 
     </span>
     <span class='ocr_line' id='line_1_19' title="bbox 78 2074 1058 2158; baseline 0 -20"><span class='ocrx_word' id='word_1_134' title='bbox 78 2079 139 2138; x_wconf 87' lang='lat' dir='ltr'><strong>tem</strong></span> <span class='ocrx_word' id='word_1_135' title='bbox 162 2097 179 2138; x_wconf 89' lang='lat' dir='ltr'><strong>e</strong></span> <span class='ocrx_word' id='word_1_136' title='bbox 205 2079 318 2158; x_wconf 88' lang='lat' dir='ltr'><strong>praeda</strong></span> <span class='ocrx_word' id='word_1_137' title='bbox 339 2085 532 2152; x_wconf 86' lang='lat' dir='ltr'><strong>exemerunt,</strong></span> <span class='ocrx_word' id='word_1_138' title='bbox 560 2094 651 2156; x_wconf 88' lang='lat' dir='ltr'><strong>quam</strong></span> <span class='ocrx_word' id='word_1_139' title='bbox 678 2076 736 2137; x_wconf 91' lang='lat' dir='ltr'><strong>diis</strong></span> <span class='ocrx_word' id='word_1_140' title='bbox 755 2075 906 2157; x_wconf 88' lang='lat' dir='ltr'><strong>imprimis</strong></span> <span class='ocrx_word' id='word_1_141' title='bbox 920 2074 1058 2158; x_wconf 88' lang='lat' dir='ltr'><strong>Apollini</strong></span> 
     </span>
     <span class='ocr_line' id='line_1_20' title="bbox 74 2159 1123 2244; baseline 0.002 -20"><span class='ocrx_word' id='word_1_142' title='bbox 74 2161 224 2244; x_wconf 91' lang='lat' dir='ltr'><strong>Delphico</strong></span> <span class='ocrx_word' id='word_1_143' title='bbox 247 2169 279 2226; x_wconf 89' lang='lat' dir='ltr'><strong>ct</strong></span> <span class='ocrx_word' id='word_1_144' title='bbox 297 2163 366 2225; x_wconf 88' lang='lat' dir='ltr'><strong>Iovi</strong></span> <span class='ocrx_word' id='word_1_145' title='bbox 389 2160 533 2243; x_wconf 78' lang='lat' dir='ltr'><strong>Olympio</strong></span> <span class='ocrx_word' id='word_1_146' title='bbox 547 2164 710 2244; x_wconf 75' lang='lat' dir='ltr'><strong>voverent3</strong></span> <span class='ocrx_word' id='word_1_147' title='bbox 724 2181 765 2224; x_wconf 87' lang='lat' dir='ltr'><strong>ex</strong></span> <span class='ocrx_word' id='word_1_148' title='bbox 779 2162 832 2238; x_wconf 90' lang='lat' dir='ltr'><strong>eis,</strong></span> <span class='ocrx_word' id='word_1_149' title='bbox 848 2181 926 2242; x_wconf 88' lang='lat' dir='ltr'><strong>quae</strong></span> <span class='ocrx_word' id='word_1_150' title='bbox 940 2162 1059 2242; x_wconf 90' lang='lat' dir='ltr'><strong>reliqua</strong></span> <span class='ocrx_word' id='word_1_151' title='bbox 1079 2159 1123 2226; x_wconf 83' lang='lat'><strong>20</strong></span> 
     </span>
     <span class='ocr_line' id='line_1_21' title="bbox 73 2245 1058 2324; baseline -0.001 -14"><span class='ocrx_word' id='word_1_152' title='bbox 73 2251 172 2323; x_wconf 82' lang='lat' dir='ltr'><strong>amnt,</strong></span> <span class='ocrx_word' id='word_1_153' title='bbox 195 2247 345 2311; x_wconf 86' lang='lat' dir='ltr'><strong>decimam</strong></span> <span class='ocrx_word' id='word_1_154' title='bbox 358 2245 530 2310; x_wconf 86' lang='lat' dir='ltr'><strong>Pausaniae</strong></span> <span class='ocrx_word' id='word_1_155' title='bbox 552 2247 714 2324; x_wconf 89' lang='lat' dir='ltr'><strong>dederunt,</strong></span> <span class='ocrx_word' id='word_1_156' title='bbox 736 2251 839 2310; x_wconf 90' lang='lat' dir='ltr'><strong>cetera</strong></span> <span class='ocrx_word' id='word_1_157' title='bbox 859 2248 939 2310; x_wconf 91' lang='lat' dir='ltr'><strong>inter</strong></span> <span class='ocrx_word' id='word_1_158' title='bbox 960 2249 1058 2312; x_wconf 88' lang='lat' dir='ltr'><strong>socios</strong></span> 
     </span>
     <span class='ocr_line' id='line_1_22' title="bbox 75 2334 872 2398; baseline -0.008 -2"><span class='ocrx_word' id='word_1_159' title='bbox 75 2334 258 2398; x_wconf 80' lang='lat' dir='ltr'><strong>diviserunt.</strong></span> <span class='ocrx_word' id='word_1_160' title='bbox 864 2380 872 2390; x_wconf 94' lang='lat'><em>.</em></span> 
     </span>
    </p>

    <p class='ocr_par' dir='ltr' id='par_1_5' title="bbox 72 2414 1129 3183">
     <span class='ocr_line' id='line_1_23' title="bbox 157 2414 1129 2500; baseline 0.004 -20"><span class='ocrx_word' id='word_1_161' title='bbox 157 2419 317 2481; x_wconf 86' lang='lat' dir='ltr'><strong>Reversus</strong></span> <span class='ocrx_word' id='word_1_162' title='bbox 330 2414 470 2480; x_wconf 89' lang='lat' dir='ltr'><strong>Athenas</strong></span> <span class='ocrx_word' id='word_1_163' title='bbox 481 2416 642 2494; x_wconf 88' lang='lat' dir='ltr'><strong>Aristides,</strong></span> <span class='ocrx_word' id='word_1_164' title='bbox 658 2419 693 2479; x_wconf 92' lang='lat' dir='ltr'><strong>ut</strong></span> <span class='ocrx_word' id='word_1_165' title='bbox 707 2418 791 2499; x_wconf 92' lang='lat' dir='ltr'><strong>plebi</strong></span> <span class='ocrx_word' id='word_1_166' title='bbox 805 2438 860 2500; x_wconf 90' lang='lat' dir='ltr'><strong>pro</strong></span> <span class='ocrx_word' id='word_1_167' title='bbox 875 2420 968 2482; x_wconf 88' lang='lat' dir='ltr'><strong>rebus</strong></span> <span class='ocrx_word' id='word_1_168' title='bbox 981 2420 1059 2484; x_wconf 91' lang='lat' dir='ltr'><strong>hene</strong></span> <span class='ocrx_word' id='word_1_169' title='bbox 1080 2420 1129 2483; x_wconf 82' lang='lat' dir='ltr'><strong>VI</strong></span> 
     </span>
     <span class='ocr_line' id='line_1_24' title="bbox 74 2503 1058 2587; baseline 0.001 -20"><span class='ocrx_word' id='word_1_170' title='bbox 74 2505 170 2586; x_wconf 82' lang='lat' dir='ltr'><strong>gestis</strong></span> <span class='ocrx_word' id='word_1_171' title='bbox 184 2505 288 2585; x_wconf 85' lang='lat' dir='ltr'><strong>gratia</strong></span> <span class='ocrx_word' id='word_1_172' title='bbox 301 2505 481 2578; x_wconf 85' lang='lat' dir='ltr'><strong>referretur,</strong></span> <span class='ocrx_word' id='word_1_173' title='bbox 506 2504 539 2566; x_wconf 90' lang='lat' dir='ltr'><strong>in</strong></span> <span class='ocrx_word' id='word_1_174' title='bbox 564 2503 704 2569; x_wconf 87' lang='lat' dir='ltr'><strong>contione</strong></span> <span class='ocrx_word' id='word_1_175' title='bbox 727 2505 831 2584; x_wconf 82' lang='lat' dir='ltr'><strong>legem</strong></span> <span class='ocrx_word' id='word_1_176' title='bbox 856 2507 998 2587; x_wconf 87' lang='lat' dir='ltr'><strong>pertulit,</strong></span> <span class='ocrx_word' id='word_1_177' title='bbox 1023 2510 1058 2568; x_wconf 90' lang='lat' dir='ltr'><strong>ut</strong></span> 
     </span>
     <span class='ocr_line' id='line_1_25' title="bbox 75 2587 1121 2673; baseline 0.002 -20"><span class='ocrx_word' id='word_1_178' title='bbox 75 2591 184 2672; x_wconf 88' lang='lat' dir='ltr'><strong>cuique</strong></span> <span class='ocrx_word' id='word_1_179' title='bbox 200 2589 262 2653; x_wconf 81' lang='lat' dir='ltr'><strong>civi</strong></span> <span class='ocrx_word' id='word_1_180' title='bbox 275 2589 376 2653; x_wconf 89' lang='lat' dir='ltr'><strong>aditus</strong></span> <span class='ocrx_word' id='word_1_181' title='bbox 390 2590 429 2652; x_wconf 85' lang='lat' dir='ltr'><strong>ad</strong></span> <span class='ocrx_word' id='word_1_182' title='bbox 444 2610 578 2653; x_wconf 90' lang='lat' dir='ltr'><strong>summos</strong></span> <span class='ocrx_word' id='word_1_183' title='bbox 592 2591 722 2653; x_wconf 91' lang='lat' dir='ltr'><strong>honores</strong></span> <span class='ocrx_word' id='word_1_184' title='bbox 737 2595 866 2673; x_wconf 86' lang='lat' dir='ltr'><strong>pateret,</strong></span> <span class='ocrx_word' id='word_1_185' title='bbox 883 2610 953 2653; x_wconf 89' lang='lat' dir='ltr'><strong>cum</strong></span> <span class='ocrx_word' id='word_1_186' title='bbox 968 2597 1058 2655; x_wconf 90' lang='lat' dir='ltr'><strong>antea</strong></span> <span class='ocrx_word' id='word_1_187' title='bbox 1078 2587 1121 2655; x_wconf 81' lang='lat'><strong>25</strong></span> 
     </span>
     <span class='ocr_line' id='line_1_26' title="bbox 73 2675 1059 2758; baseline 0.001 -20"><span class='ocrx_word' id='word_1_188' title='bbox 73 2677 196 2738; x_wconf 84' lang='lat' dir='ltr'><strong>intimae</strong></span> <span class='ocrx_word' id='word_1_189' title='bbox 211 2675 319 2738; x_wconf 85' lang='lat' dir='ltr'><strong>classis</strong></span> <span class='ocrx_word' id='word_1_190' title='bbox 334 2676 504 2738; x_wconf 79' lang='lat' dir='ltr'><strong>hominess</strong></span> <span class='ocrx_word' id='word_1_191' title='bbox 523 2675 739 2755; x_wconf 77' lang='lat' dir='ltr'><strong>gubernaculis</strong></span> <span class='ocrx_word' id='word_1_192' title='bbox 759 2675 960 2758; x_wconf 88' lang='lat' dir='ltr'><strong>reipublicae,</strong></span> <span class='ocrx_word' id='word_1_193' title='bbox 981 2697 1059 2757; x_wconf 89' lang='lat' dir='ltr'><strong>quae</strong></span> 
     </span>
     <span class='ocr_line' id='line_1_27' title="bbox 73 2759 1058 2844; baseline -0.001 -21"><span class='ocrx_word' id='word_1_194' title='bbox 73 2781 168 2844; x_wconf 88' lang='lat' dir='ltr'><strong>penes</strong></span> <span class='ocrx_word' id='word_1_195' title='bbox 194 2761 401 2843; x_wconf 88' lang='lat' dir='ltr'><strong>opulentiores</strong></span> <span class='ocrx_word' id='word_1_196' title='bbox 427 2764 526 2835; x_wconf 90' lang='lat' dir='ltr'><strong>erant,</strong></span> <span class='ocrx_word' id='word_1_197' title='bbox 554 2760 672 2822; x_wconf 89' lang='lat' dir='ltr'><strong>exclusi</strong></span> <span class='ocrx_word' id='word_1_198' title='bbox 695 2760 834 2822; x_wconf 86' lang='lat' dir='ltr'><strong>fuissent.</strong></span> <span class='ocrx_word' id='word_1_199' title='bbox 880 2759 950 2832; x_wconf 77' lang='lat' dir='ltr'><strong>Qua</strong></span> <span class='ocrx_word' id='word_1_200' title='bbox 970 2761 1003 2822; x_wconf 91' lang='lat' dir='ltr'><strong>in</strong></span> <span class='ocrx_word' id='word_1_201' title='bbox 1024 2782 1058 2822; x_wconf 90' lang='lat' dir='ltr'><strong>re</strong></span> 
     </span>
     <span class='ocr_line' id='line_1_28' title="bbox 72 2846 1058 2926; baseline -0.002 -18"><span class='ocrx_word' id='word_1_202' title='bbox 72 2848 192 2910; x_wconf 84' lang='lat' dir='ltr'><strong>iustitia</strong></span> <span class='ocrx_word' id='word_1_203' title='bbox 205 2847 271 2909; x_wconf 90' lang='lat' dir='ltr'><strong>eius</strong></span> <span class='ocrx_word' id='word_1_204' title='bbox 286 2865 478 2926; x_wconf 86' lang='lat' dir='ltr'><strong>summopere</strong></span> <span class='ocrx_word' id='word_1_205' title='bbox 490 2846 643 2908; x_wconf 90' lang='lat' dir='ltr'><strong>laudanda</strong></span> <span class='ocrx_word' id='word_1_206' title='bbox 658 2848 713 2920; x_wconf 92' lang='lat' dir='ltr'><strong>est,</strong></span> <span class='ocrx_word' id='word_1_207' title='bbox 730 2847 946 2907; x_wconf 84' lang='lat' dir='ltr'><strong>comestorum</strong></span> <span class='ocrx_word' id='word_1_208' title='bbox 957 2846 1058 2925; x_wconf 83' lang='lat' dir='ltr'><strong>magis</strong></span> 
     </span>
     <span class='ocr_line' id='line_1_29' title="bbox 74 2927 1057 3014; baseline -0.003 -19"><span class='ocrx_word' id='word_1_209' title='bbox 74 2927 267 3014; x_wconf 88' lang='lat' dir='ltr'><strong>optimatium</strong></span> <span class='ocrx_word' id='word_1_210' title='bbox 283 2951 374 3012; x_wconf 89' lang='lat' dir='ltr'><strong>quam</strong></span> <span class='ocrx_word' id='word_1_211' title='bbox 388 2931 576 3013; x_wconf 90' lang='lat' dir='ltr'><strong>plebeiorum</strong></span> <span class='ocrx_word' id='word_1_212' title='bbox 597 2931 735 3013; x_wconf 85' lang='lat' dir='ltr'><strong>partibus</strong></span> <span class='ocrx_word' id='word_1_213' title='bbox 754 2930 882 2992; x_wconf 81' lang='lat' dir='ltr'><strong>faveret.</strong></span> <span class='ocrx_word' id='word_1_214' title='bbox 926 2929 974 2992; x_wconf 88' lang='lat' dir='ltr'><strong>Ac</strong></span> <span class='ocrx_word' id='word_1_215' title='bbox 989 2951 1057 3013; x_wconf 91' lang='lat' dir='ltr'><strong>pro-</strong></span> 
     </span>
     <span class='ocr_line' id='line_1_30' title="bbox 74 3009 1123 3098; baseline -0.002 -18"><span class='ocrx_word' id='word_1_216' title='bbox 74 3019 181 3082; x_wconf 87' lang='lat' dir='ltr'><strong>bitatis</strong></span> <span class='ocrx_word' id='word_1_217' title='bbox 195 3018 254 3079; x_wconf 91' lang='lat' dir='ltr'><strong>hoc</strong></span> <span class='ocrx_word' id='word_1_218' title='bbox 274 3037 393 3098; x_wconf 85' lang='lat' dir='ltr'><strong>quoque</strong></span> <span class='ocrx_word' id='word_1_219' title='bbox 413 3018 627 3080; x_wconf 89' lang='lat' dir='ltr'><strong>documentum</strong></span> <span class='ocrx_word' id='word_1_220' title='bbox 643 3018 698 3079; x_wconf 86' lang='lat' dir='ltr'><strong>est.</strong></span> <span class='ocrx_word' id='word_1_221' title='bbox 743 3016 962 3088; x_wconf 80' lang='lat' dir='ltr'><strong>Themistocles</strong></span> <span class='ocrx_word' id='word_1_222' title='bbox 977 3017 1059 3078; x_wconf 88' lang='lat' dir='ltr'><strong>dixit</strong></span> <span class='ocrx_word' id='word_1_223' title='bbox 1079 3009 1123 3078; x_wconf 84' lang='lat'><strong>30</strong></span> 
     </span>
     <span class='ocr_line' id='line_1_31' title="bbox 74 3101 1058 3183; baseline -0.002 -17"><span class='ocrx_word' id='word_1_224' title='bbox 74 3104 106 3166; x_wconf 93' lang='lat' dir='ltr'><strong>in</strong></span> <span class='ocrx_word' id='word_1_225' title='bbox 122 3104 270 3178; x_wconf 91' lang='lat' dir='ltr'><strong>contione,</strong></span> <span class='ocrx_word' id='word_1_226' title='bbox 287 3123 321 3165; x_wconf 93' lang='lat' dir='ltr'><strong>se</strong></span> <span class='ocrx_word' id='word_1_227' title='bbox 335 3103 449 3164; x_wconf 91' lang='lat' dir='ltr'><strong>hahere</strong></span> <span class='ocrx_word' id='word_1_228' title='bbox 464 3102 624 3165; x_wconf 86' lang='lat' dir='ltr'><strong>consilium</strong></span> <span class='ocrx_word' id='word_1_229' title='bbox 638 3101 824 3183; x_wconf 85' lang='lat' dir='ltr'><strong>reipublicae</strong></span> <span class='ocrx_word' id='word_1_230' title='bbox 838 3103 981 3181; x_wconf 87' lang='lat' dir='ltr'><strong>salutare,</strong></span> <span class='ocrx_word' id='word_1_231' title='bbox 1004 3103 1058 3165; x_wconf 92' lang='lat' dir='ltr'><strong>sed</strong></span> 
     </span>
    </p>

    <p class='ocr_par' dir='ltr' id='par_1_6' title="bbox 73 3187 1060 3440">
     <span class='ocr_line' id='line_1_32' title="bbox 74 3187 1058 3272; baseline -0.002 -20"><span class='ocrx_word' id='word_1_232' title='bbox 74 3190 107 3252; x_wconf 91' lang='lat' dir='ltr'><strong>id</strong></span> <span class='ocrx_word' id='word_1_233' title='bbox 121 3189 195 3252; x_wconf 91' lang='lat' dir='ltr'><strong>sciri</strong></span> <span class='ocrx_word' id='word_1_234' title='bbox 209 3208 286 3270; x_wconf 91' lang='lat' dir='ltr'><strong>opus</strong></span> <span class='ocrx_word' id='word_1_235' title='bbox 309 3208 370 3251; x_wconf 91' lang='lat' dir='ltr'><strong>non</strong></span> <span class='ocrx_word' id='word_1_236' title='bbox 392 3207 468 3249; x_wconf 90' lang='lat' dir='ltr'><strong>esse.</strong></span> <span class='ocrx_word' id='word_1_237' title='bbox 512 3187 687 3250; x_wconf 83' lang='lat' dir='ltr'><strong>Postulavit</strong></span> <span class='ocrx_word' id='word_1_238' title='bbox 712 3192 747 3250; x_wconf 90' lang='lat' dir='ltr'><strong>ut</strong></span> <span class='ocrx_word' id='word_1_239' title='bbox 771 3188 905 3269; x_wconf 84' lang='lat' dir='ltr'><strong>aliquem</strong></span> <span class='ocrx_word' id='word_1_240' title='bbox 926 3190 1058 3272; x_wconf 90' lang='lat' dir='ltr'><strong>populus</strong></span> 
     </span>
     <span class='ocr_line' id='line_1_33' title="bbox 75 3273 1059 3355; baseline -0.001 -18"><span class='ocrx_word' id='word_1_241' title='bbox 75 3276 172 3352; x_wconf 89' lang='lat' dir='ltr'><strong>daret,</strong></span> <span class='ocrx_word' id='word_1_242' title='bbox 188 3292 319 3355; x_wconf 89' lang='lat' dir='ltr'><strong>quocum</strong></span> <span class='ocrx_word' id='word_1_243' title='bbox 334 3273 588 3349; x_wconf 89' lang='lat' dir='ltr'><strong>communicaret;</strong></span> <span class='ocrx_word' id='word_1_244' title='bbox 605 3274 694 3336; x_wconf 92' lang='lat' dir='ltr'><strong>datus</strong></span> <span class='ocrx_word' id='word_1_245' title='bbox 709 3281 757 3336; x_wconf 92' lang='lat' dir='ltr'><strong>est</strong></span> <span class='ocrx_word' id='word_1_246' title='bbox 770 3274 932 3336; x_wconf 88' lang='lat' dir='ltr'><strong>Aristides.</strong></span> <span class='ocrx_word' id='word_1_247' title='bbox 976 3275 1059 3336; x_wconf 88' lang='lat' dir='ltr'><strong>Huic</strong></span> 
     </span>
     <span class='ocr_line' id='line_1_34' title="bbox 73 3359 1060 3440; baseline -0.001 -20"><span class='ocrx_word' id='word_1_248' title='bbox 73 3359 231 3435; x_wconf 84' lang='lat' dir='ltr'><strong>illedixit,</strong></span> <span class='ocrx_word' id='word_1_249' title='bbox 248 3360 378 3422; x_wconf 89' lang='lat' dir='ltr'><strong>classem</strong></span> <span class='ocrx_word' id='word_1_250' title='bbox 389 3359 706 3436; x_wconf 81' lang='lat' dir='ltr'><strong>Lacedaemoniorum,</strong></span> <span class='ocrx_word' id='word_1_251' title='bbox 722 3379 800 3440; x_wconf 88' lang='lat' dir='ltr'><strong>qnae</strong></span> <span class='ocrx_word' id='word_1_252' title='bbox 814 3360 964 3422; x_wconf 91' lang='lat' dir='ltr'><strong>subducta</strong></span> <span class='ocrx_word' id='word_1_253' title='bbox 977 3365 1060 3420; x_wconf 92' lang='lat' dir='ltr'><strong>esset</strong></span> 
     </span>
    </p>

    <p class='ocr_par' dir='ltr' id='par_1_7' title="bbox 76 3439 1122 3784">
     <span class='ocr_line' id='line_1_35' title="bbox 76 3439 1122 3530; baseline 0.001 -23"><span class='ocrx_word' id='word_1_254' title='bbox 76 3445 116 3507; x_wconf 92' lang='lat' dir='ltr'><strong>ad</strong></span> <span class='ocrx_word' id='word_1_255' title='bbox 131 3442 297 3526; x_wconf 88' lang='lat' dir='ltr'><strong>Gytheum,</strong></span> <span class='ocrx_word' id='word_1_256' title='bbox 313 3446 393 3508; x_wconf 93' lang='lat' dir='ltr'><strong>clam</strong></span> <span class='ocrx_word' id='word_1_257' title='bbox 407 3446 529 3507; x_wconf 90' lang='lat' dir='ltr'><strong>incendi</strong></span> <span class='ocrx_word' id='word_1_258' title='bbox 544 3465 649 3530; x_wconf 88' lang='lat' dir='ltr'><strong>posse;</strong></span> <span class='ocrx_word' id='word_1_259' title='bbox 671 3465 729 3526; x_wconf 91' lang='lat' dir='ltr'><strong>quo</strong></span> <span class='ocrx_word' id='word_1_260' title='bbox 751 3447 829 3507; x_wconf 75' lang='lat' dir='ltr'><strong>fecto</strong></span> <span class='ocrx_word' id='word_1_261' title='bbox 850 3445 952 3524; x_wconf 80' lang='lat' dir='ltr'><strong>frangi</strong></span> <span class='ocrx_word' id='word_1_262' title='bbox 965 3443 1058 3507; x_wconf 88' lang='lat' dir='ltr'><strong>Laee-</strong></span> <span class='ocrx_word' id='word_1_263' title='bbox 1079 3439 1122 3508; x_wconf 80' lang='lat'><strong>35</strong></span> 
     </span>
     <span class='ocr_line' id='line_1_36' title="bbox 76 3528 1058 3613; baseline 0.001 -22"><span class='ocrx_word' id='word_1_264' title='bbox 76 3531 306 3594; x_wconf 86' lang='lat' dir='ltr'><strong>daemoniorum</strong></span> <span class='ocrx_word' id='word_1_265' title='bbox 327 3551 401 3613; x_wconf 88' lang='lat' dir='ltr'><strong>opes</strong></span> <span class='ocrx_word' id='word_1_266' title='bbox 421 3551 546 3593; x_wconf 91' lang='lat' dir='ltr'><strong>necesse</strong></span> <span class='ocrx_word' id='word_1_267' title='bbox 567 3534 656 3593; x_wconf 90' lang='lat' dir='ltr'><strong>esset.</strong></span> <span class='ocrx_word' id='word_1_268' title='bbox 702 3530 794 3601; x_wconf 80' lang='lat' dir='ltr'><strong>Quod</strong></span> <span class='ocrx_word' id='word_1_269' title='bbox 814 3528 968 3591; x_wconf 91' lang='lat' dir='ltr'><strong>Aristides</strong></span> <span class='ocrx_word' id='word_1_270' title='bbox 988 3549 1058 3592; x_wconf 89' lang='lat' dir='ltr'><strong>cum</strong></span> 
     </span>
     <span class='ocr_line' id='line_1_37' title="bbox 76 3615 1058 3699; baseline -0.001 -20"><span class='ocrx_word' id='word_1_271' title='bbox 76 3616 226 3692; x_wconf 89' lang='lat' dir='ltr'><strong>audisset,</strong></span> <span class='ocrx_word' id='word_1_272' title='bbox 249 3617 282 3678; x_wconf 89' lang='lat' dir='ltr'><strong>in</strong></span> <span class='ocrx_word' id='word_1_273' title='bbox 304 3617 476 3680; x_wconf 90' lang='lat' dir='ltr'><strong>contionem</strong></span> <span class='ocrx_word' id='word_1_274' title='bbox 497 3637 609 3698; x_wconf 81' lang='lat' dir='ltr'><strong>magna</strong></span> <span class='ocrx_word' id='word_1_275' title='bbox 623 3615 851 3699; x_wconf 81' lang='lat' dir='ltr'><strong>exspectatione</strong></span> <span class='ocrx_word' id='word_1_276' title='bbox 865 3615 952 3678; x_wconf 85' lang='lat' dir='ltr'><strong>venit</strong></span> <span class='ocrx_word' id='word_1_277' title='bbox 966 3615 1058 3678; x_wconf 81' lang='lat' dir='ltr'><strong>dixit</strong></span> 
     </span>
     <span class='ocr_line' id='line_1_38' title="bbox 78 3701 1059 3784; baseline 0.001 -21"><span class='ocrx_word' id='word_1_278' title='bbox 78 3721 144 3782; x_wconf 90' lang='lat' dir='ltr'><strong>que,</strong></span> <span class='ocrx_word' id='word_1_279' title='bbox 161 3702 292 3784; x_wconf 90' lang='lat' dir='ltr'><strong>perutile</strong></span> <span class='ocrx_word' id='word_1_280' title='bbox 307 3721 375 3765; x_wconf 90' lang='lat' dir='ltr'><strong>esse</strong></span> <span class='ocrx_word' id='word_1_281' title='bbox 395 3701 569 3780; x_wconf 89' lang='lat' dir='ltr'><strong>consilinm,</strong></span> <span class='ocrx_word' id='word_1_282' title='bbox 591 3703 672 3784; x_wconf 92' lang='lat' dir='ltr'><strong>quod</strong></span> <span class='ocrx_word' id='word_1_283' title='bbox 686 3701 906 3765; x_wconf 79' lang='lat' dir='ltr'><strong>Themistocles</strong></span> <span class='ocrx_word' id='word_1_284' title='bbox 929 3701 1059 3778; x_wconf 85' lang='lat' dir='ltr'><strong>afferret,</strong></span> 
     </span>
    </p>
   </div>
   <div class='ocr_carea' id='block_1_3' title="bbox 0 0 1385 4486">
    <p class='ocr_par' dir='ltr' id='par_1_8' title="bbox 0 0 1385 4486">
     <span class='ocr_line' id='line_1_39' title="bbox 0 0 1385 4486; baseline 0 0"><span class='ocrx_word' id='word_1_285' title='bbox 0 0 1385 4486; x_wconf 95' lang='lat' dir='ltr'><strong> </strong></span> 
     </span>
    </p>
   </div>
  </div>
 </body>
</html>
