2748 4486
302 313 346 378 44
629 311 702 374 VII.
725 309 957 375 LYSANDER.

303 485 400 551 tatis
415 483 608 562 indigent.
653 482 696 547 ut
717 501 785 545 cnm
807 481 927 544 Boeotii
949 481 1100 562 quondum
1114 479 1304 564 currentes

302 590 358 654 per
381 570 458 636 fines
484 589 554 634 suos
579 568 729 654 proficisci
754 569 911 644 veterent,
942 563 988 633 Id
1020 587 1112 634 vero
1140 567 1301 646 egitur,

303 653 1301 738 imunt,utrumLacedaemoniisreetis,endsmissis

305 739 994 822 hastisperBoeotiumiteriaciant.

261 827 283 892 5
324 827 361 892 11
389 826 529 892 Primum
548 829 651 892 numm
676 825 800 890 emersit
826 825 907 890 bello
929 823 1204 906 Peloponnesiaco,
1231 844 1301 904 quo

304 932 374 978 oum
398 931 449 978 res
473 911 706 976 Atheniensium
731 909 892 976 Alcibiade
916 910 994 976 duce
1024 913 1147 985 numae,
1183 915 1299 976 nonme

304 998 611 1066 lacedaemoniorum
632 996 809 1062 imminues
831 999 948 1070 esseut,
971 997 1187 1061 clessiborum
1202 1015 1300 1077 pree

304 1085 404 1147 fectum
418 1095 473 1146 est.
500 1081 549 1148 Ea
562 1082 716 1164 Ephesum
732 1085 893 1163 perventus
906 1082 950 1148 ibi
964 1085 1100 1147 mustus
1114 1085 1171 1158 est,
1193 1083 1299 1145 donau

306 1167 415 1252 Oyrus,
430 1169 513 1250 regis
528 1167 713 1233 Artaxerxis
728 1169 832 1244 freter,
845 1167 957 1234 Sardes
972 1167 1171 1249 pervenisset.
1196 1167 1297 1233 Hune

241 1253 285 1319 10
305 1274 375 1319 cum
390 1255 589 1330 convenisset,
604 1255 650 1318 ab,
659 1273 694 1318 eo
709 1253 929 1320 ecmannus
942 1257 974 1316 et
986 1254 1130 1318 enine
1144 1253 1296 1334 impetra-

305 1341 361 1417 vit,
377 1343 411 1401 ut
426 1341 484 1402 sibi
498 1340 659 1421 pecuniam
673 1340 713 1404 ed
727 1338 913 1420 stipendium
934 1339 1159 1404 classiariorum
1174 1359 1296 1422 eugen-

306 1427 379 1488 dum
394 1425 645 1499 subministraret,
661 1444 720 1504 quo
735 1425 924 1499 factumest,
947 1428 983 1486 ut
1002 1427 1034 1486 et
1053 1425 1150 1505 ipsius
1174 1425 1294 1487 milites

307 1511 346 1572 ad
372 1530 423 1571 res
448 1512 599 1590 gerendas
626 1510 790 1570 alacriores
815 1511 923 1571 fierent
951 1514 982 1571 et
1007 1511 1096 1572 multi
1122 1531 1163 1570 ex
1190 1513 1293 1573 classe

307 1595 552 1658 adversariorum
567 1597 606 1657 ad
627 1614 714 1656 suam
734 1597 970 1675 transfugerent.
1015 1595 1111 1658 Paulo
1126 1599 1197 1677 post
1212 1598 1293 1658 aoei-

244 1678 286 1744 15
309 1681 369 1758 dit,
394 1684 430 1742 ut
450 1680 626 1744 Alcibiades
652 1681 691 1742 ed
716 1679 943 1762 Thrasybulum
969 1681 1162 1762 colloquendi
1187 1683 1293 1762 gretia

307 1765 477 1827 Phocaeam
492 1787 526 1827 se
540 1767 691 1828 conferret
706 1774 738 1827 et
759 1765 910 1828 Antiocho
930 1767 1033 1853 legato
1049 1767 1156 1830 elassis
1171 1770 1292 1848 praefe-

307 1858 424 1913 cturam
439 1854 607 1928 manderet,
629 1855 738 1917 retent
759 1871 830 1917 aum
850 1871 920 1916 cum
933 1849 1071 1914 hostibus
1086 1853 1119 1914 in
1134 1857 1289 1916 certamen

307 1938 500 2020 descendere.
545 1940 579 1999 Is
612 1942 713 1999 tamen
743 1938 833 2000 homo
866 1938 982 2018 gloriae
1009 1938 1110 2000 studio
1136 1939 1244 2000 ductus
1270 1961 1291 2004 a

305 2023 399 2086 Notio
425 2022 631 2105 promontorio
658 2025 698 2086 ad
720 2021 834 2104 Ephesi
856 2026 978 2104 portum
994 2027 1105 2086 uectus
1127 2023 1290 2104 Lysandro

241 2106 286 2172 20
308 2109 357 2172 sni
377 2111 560 2190 potestatem
581 2109 668 2184 fecit,
693 2108 744 2189 qui
764 2129 860 2172 naves
880 2108 1113 2172 Atheniensium
1133 2109 1286 2190 disperses

307 2196 494 2274 collegerit
508 2196 561 2274 uel
581 2194 669 2275 cepit.
716 2191 811 2256 Cuius
831 2195 877 2256 rei
896 2195 1020 2258 nuntius
1040 2199 1076 2258 ut
1089 2195 1223 2259 Athenas
1238 2199 1291 2257 est

307 2281 454 2361 perlutus,
469 2279 662 2342 Alcibiadem
676 2280 714 2342 eb
730 2279 857 2360 imperio
871 2283 1076 2356 removerunt,
1091 2299 1182 2360 quem
1197 2299 1288 2360 ergn-

307 2367 394 2426 erent
418 2365 609 2446 negligentis
632 2367 664 2426 et
688 2365 828 2427 socordia
851 2385 901 2426 res
927 2366 1082 2440 afflixisse.
1138 2365 1288 2447 Tempore

241 2532 285 2597 25
306 2449 428 2598 {tud
443 2448 1287 2616 ttttl’lltttttlitttdllttdtdttt

306 2620 479 2702 petentibus
504 2621 715 2702 condelegati
741 2621 863 2684 nemine
883 2621 1044 2704 Lysander
1064 2641 1172 2684 rursus
1199 2625 1287 2687 classi

213 2751 215 2755 .
306 2705 478 2787 praefectus
511 2709 570 2781 est,
605 2726 674 2770 cum
698 2727 754 2788 per
784 2708 872 2788 leges
896 2707 1204 2773 Lacedaemoniorum
1228 2729 1288 2774 nou

194 2829 197 2836 ,
308 2791 423 2868 liceret,
439 2793 487 2855 bis
500 2792 567 2856 lieri
581 2793 775 2856 nauarchum.

234 2874 286 2936 111
394 2877 456 2950 Hic
465 2880 569 2942 statim
579 2877 612 2940 in
622 2878 858 2960 Hellespontum
869 2878 1031 2958 navigavit
1045 2881 1077 2940 et
1086 2878 1287 2960 Lampsacum

243 2957 286 3024 30
307 2963 413 3028 urbem
439 2983 508 3026 cum
533 2964 772 3028 Atheniensibus
798 2965 921 3028 foedere
945 2964 1081 3026 iunctam
1108 2966 1203 3045 cepit,
1230 2985 1287 3044 qno

307 3049 387 3112 ene
401 3049 606 3112 Athenienses
621 3051 751 3113 classem
766 3067 853 3112 snam
873 3051 994 3112 centnm
1015 3053 1047 3110 et
1066 3049 1223 3130 octoginta
1237 3070 1287 3114 ns-

306 3133 392 3196 vium
406 3153 423 3194 e
438 3135 565 3214 regione
579 3135 644 3198 eius
659 3136 743 3198 urbis
758 3136 797 3198 ad
809 3133 913 3215 Aegos
927 3136 1041 3197 flumen
1055 3135 1285 3200 consenuerunt

306 3219 356 3280 lbi
371 3239 425 3300 per
446 3223 574 3300 quatuor
596 3219 661 3282 dies
681 3221 817 3302 quotidie
838 3221 870 3282 in
891 3221 954 3282 elto
974 3221 1051 3282 mari
1067 3221 1163 3284 aciem
1177 3221 1286 3284 insnu-

305 3307 419 3370 xarnut
438 3308 594 3386 tamqnam
614 3325 749 3386 pugnam
769 3306 974 3382 commissuri,
997 3307 1119 3386 vesperi
1140 3313 1240 3372 tenen
1253 3307 1287 3370 iu

240 3383 467 3454 stratonem
492 3392 641 3454 redibant.
687 3391 802 3462 Quinto
828 3391 878 3452 die
904 3410 972 3454 oum
992 3391 1211 3468 Athenienses,
1235 3393 1285 3473 qui

302 3475 559 3540 Lacerleemonios
574 3477 765 3558 despicerent
785 3496 884 3556 nsque
905 3481 1062 3558 putarent,
1085 3497 1138 3540 eos
1152 3496 1284 3558 pugnum

303 3580 445 3639 ausuros,
466 3563 581 3626 relictis
602 3563 730 3626 navibus
752 3563 783 3624 in
806 3563 891 3642 egris
912 3563 952 3626 ed
967 3566 1169 3628 commeatum
1184 3565 1285 3644 pateus

305 3645 379 3710 dum
401 3649 532 3729 dispersi
558 3651 674 3724 essent,
701 3647 861 3730 Lysander
881 3669 975 3714 nenos
996 3667 1101 3712 eorum
1122 3667 1285 3730 eggressus
