<?xml version="1.0" encoding="UTF-8"?>
<!DOCTYPE html PUBLIC "-//W3C//DTD XHTML 1.0 Transitional//EN"
    "http://www.w3.org/TR/xhtml1/DTD/xhtml1-transitional.dtd">
<html xmlns="http://www.w3.org/1999/xhtml" xml:lang="en" lang="en">
 <head>
  <title>
</title>
<meta http-equiv="Content-Type" content="text/html;charset=utf-8" />
  <meta name='ocr-system' content='tesseract 3.04.00' />
  <meta name='ocr-capabilities' content='ocr_page ocr_carea ocr_par ocr_line ocrx_word'/>
</head>
<body>
  <div class='ocr_page' id='page_1' title='image "./liberdeexcelben01nepogoog_0060.png"; bbox 0 0 2748 4486; ppageno 0'>
   <div class='ocr_carea' id='block_1_1' title="bbox 437 397 1093 464">
    <p class='ocr_par' dir='ltr' id='par_1_1' title="bbox 437 397 1093 464">
     <span class='ocr_line' id='line_1_1' title="bbox 437 397 1093 464; baseline 0.005 -3"><span class='ocrx_word' id='word_1_1' title='bbox 437 399 491 461; x_wconf 82' lang='lat' dir='ltr'><strong>IV.</strong></span> <span class='ocrx_word' id='word_1_2' title='bbox 519 397 763 464; x_wconf 79' lang='lat' dir='ltr'><strong>PAUSAMAS.</strong></span> <span class='ocrx_word' id='word_1_3' title='bbox 1051 399 1093 464; x_wconf 73' lang='lat' dir='ltr'><strong>Pi</strong></span> 
     </span>
    </p>
   </div>
   <div class='ocr_carea' id='block_1_2' title="bbox 105 570 1185 1768">
    <p class='ocr_par' dir='ltr' id='par_1_2' title="bbox 105 570 1185 1768">
     <span class='ocr_line' id='line_1_2' title="bbox 105 570 1097 653; baseline 0.002 -19"><span class='ocrx_word' id='word_1_4' title='bbox 105 573 194 652; x_wconf 76' lang='lat' dir='ltr'><strong>regis</strong></span> <span class='ocrx_word' id='word_1_5' title='bbox 209 570 299 634; x_wconf 83' lang='lat' dir='ltr'><strong>Darii</strong></span> <span class='ocrx_word' id='word_1_6' title='bbox 319 587 430 650; x_wconf 87' lang='lat' dir='ltr'><strong>gener,</strong></span> <span class='ocrx_word' id='word_1_7' title='bbox 452 571 486 632; x_wconf 87' lang='lat' dir='ltr'><strong>in</strong></span> <span class='ocrx_word' id='word_1_8' title='bbox 504 572 612 653; x_wconf 85' lang='lat' dir='ltr'><strong>primis</strong></span> <span class='ocrx_word' id='word_1_9' title='bbox 627 573 762 634; x_wconf 85' lang='lat' dir='ltr'><strong>omnium</strong></span> <span class='ocrx_word' id='word_1_10' title='bbox 776 571 942 635; x_wconf 73' lang='lat' dir='ltr'><strong>Persarum</strong></span> <span class='ocrx_word' id='word_1_11' title='bbox 959 576 990 635; x_wconf 83' lang='lat' dir='ltr'><strong>et</strong></span> <span class='ocrx_word' id='word_1_12' title='bbox 1005 592 1097 636; x_wconf 75' lang='lat' dir='ltr'><strong>nanu</strong></span> 
     </span>
     <span class='ocr_line' id='line_1_3' title="bbox 106 655 1095 738; baseline -0.001 -17"><span class='ocrx_word' id='word_1_13' title='bbox 106 659 199 722; x_wconf 82' lang='lat' dir='ltr'><strong>fortis</strong></span> <span class='ocrx_word' id='word_1_14' title='bbox 218 659 252 724; x_wconf 82' lang='lat' dir='ltr'><strong>et</strong></span> <span class='ocrx_word' id='word_1_15' title='bbox 272 655 391 718; x_wconf 81' lang='lat' dir='ltr'><strong>consilii</strong></span> <span class='ocrx_word' id='word_1_16' title='bbox 412 657 536 738; x_wconf 88' lang='lat' dir='ltr'><strong>plenus,</strong></span> <span class='ocrx_word' id='word_1_17' title='bbox 559 677 628 721; x_wconf 89' lang='lat' dir='ltr'><strong>cum</strong></span> <span class='ocrx_word' id='word_1_18' title='bbox 650 657 795 720; x_wconf 84' lang='lat' dir='ltr'><strong>trecentis</strong></span> <span class='ocrx_word' id='word_1_19' title='bbox 815 659 940 720; x_wconf 90' lang='lat' dir='ltr'><strong>milibus</strong></span> <span class='ocrx_word' id='word_1_20' title='bbox 953 659 1095 738; x_wconf 78' lang='lat' dir='ltr'><strong>militurn,</strong></span> 
     </span>
     <span class='ocr_line' id='line_1_4' title="bbox 106 743 1095 826; baseline 0 -20"><span class='ocrx_word' id='word_1_21' title='bbox 106 764 188 826; x_wconf 89' lang='lat' dir='ltr'><strong>qnos</strong></span> <span class='ocrx_word' id='word_1_22' title='bbox 201 743 324 806; x_wconf 76' lang='lat' dir='ltr'><strong>viritim</strong></span> <span class='ocrx_word' id='word_1_23' title='bbox 336 743 466 822; x_wconf 76' lang='lat' dir='ltr'><strong>legerat,</strong></span> <span class='ocrx_word' id='word_1_24' title='bbox 482 743 514 804; x_wconf 92' lang='lat' dir='ltr'><strong>in</strong></span> <span class='ocrx_word' id='word_1_25' title='bbox 528 744 638 824; x_wconf 88' lang='lat' dir='ltr'><strong>quibus</strong></span> <span class='ocrx_word' id='word_1_26' title='bbox 651 744 763 825; x_wconf 78' lang='lat' dir='ltr'><strong>viginti</strong></span> <span class='ocrx_word' id='word_1_27' title='bbox 778 745 914 825; x_wconf 85' lang='lat' dir='ltr'><strong>equitnm</strong></span> <span class='ocrx_word' id='word_1_28' title='bbox 925 747 1020 820; x_wconf 88' lang='lat' dir='ltr'><strong>erant,</strong></span> <span class='ocrx_word' id='word_1_29' title='bbox 1036 765 1095 810; x_wconf 87' lang='lat' dir='ltr'><strong>non</strong></span> 
     </span>
     <span class='ocr_line' id='line_1_5' title="bbox 106 825 1096 912; baseline 0 -20"><span class='ocrx_word' id='word_1_30' title='bbox 106 831 155 892; x_wconf 84' lang='lat' dir='ltr'><strong>ita</strong></span> <span class='ocrx_word' id='word_1_31' title='bbox 169 847 286 908; x_wconf 79' lang='lat' dir='ltr'><strong>magna</strong></span> <span class='ocrx_word' id='word_1_32' title='bbox 298 845 392 890; x_wconf 82' lang='lat' dir='ltr'><strong>mauu</strong></span> <span class='ocrx_word' id='word_1_33' title='bbox 406 825 555 892; x_wconf 73' lang='lat' dir='ltr'><strong>Graeciae</strong></span> <span class='ocrx_word' id='word_1_34' title='bbox 575 831 699 910; x_wconf 78' lang='lat' dir='ltr'><strong>fugatus</strong></span> <span class='ocrx_word' id='word_1_35' title='bbox 719 833 768 893; x_wconf 86' lang='lat' dir='ltr'><strong>ast</strong></span> <span class='ocrx_word' id='word_1_36' title='bbox 788 850 883 912; x_wconf 87' lang='lat' dir='ltr'><strong>eoque</strong></span> <span class='ocrx_word' id='word_1_37' title='bbox 898 830 1014 912; x_wconf 87' lang='lat' dir='ltr'><strong>proelio</strong></span> <span class='ocrx_word' id='word_1_38' title='bbox 1027 827 1096 912; x_wconf 84' lang='lat' dir='ltr'><strong>ipse</strong></span> 
     </span>
     <span class='ocr_line' id='line_1_6' title="bbox 107 913 1139 998; baseline 0.002 -22"><span class='ocrx_word' id='word_1_39' title='bbox 107 917 177 978; x_wconf 77' lang='lat' dir='ltr'><strong>dux</strong></span> <span class='ocrx_word' id='word_1_40' title='bbox 191 913 312 978; x_wconf 83' lang='lat' dir='ltr'><strong>cecidit</strong></span> <span class='ocrx_word' id='word_1_41' title='bbox 356 913 539 990; x_wconf 85' lang='lat' dir='ltr'><strong>Pausanias,</strong></span> <span class='ocrx_word' id='word_1_42' title='bbox 562 915 614 995; x_wconf 90' lang='lat' dir='ltr'><strong>qui</strong></span> <span class='ocrx_word' id='word_1_43' title='bbox 634 935 670 978; x_wconf 88' lang='lat' dir='ltr'><strong>eo</strong></span> <span class='ocrx_word' id='word_1_44' title='bbox 692 920 828 998; x_wconf 83' lang='lat' dir='ltr'><strong>tempora</strong></span> <span class='ocrx_word' id='word_1_45' title='bbox 849 919 932 979; x_wconf 84' lang='lat' dir='ltr'><strong>tuter</strong></span> <span class='ocrx_word' id='word_1_46' title='bbox 952 921 1020 978; x_wconf 88' lang='lat' dir='ltr'><strong>arat</strong></span> <span class='ocrx_word' id='word_1_47' title='bbox 1034 917 1097 977; x_wconf 90' lang='lat' dir='ltr'><strong>Pli-</strong></span> <span class='ocrx_word' id='word_1_48' title='bbox 1117 913 1139 978; x_wconf 82' lang='lat'>5</span> 
     </span>
     <span class='ocr_line' id='line_1_7' title="bbox 107 998 1096 1084; baseline 0 -22"><span class='ocrx_word' id='word_1_49' title='bbox 107 1001 244 1074; x_wconf 82' lang='lat' dir='ltr'><strong>starche,</strong></span> <span class='ocrx_word' id='word_1_50' title='bbox 261 998 355 1062; x_wconf 87' lang='lat' dir='ltr'><strong>filiole</strong></span> <span class='ocrx_word' id='word_1_51' title='bbox 366 999 521 1064; x_wconf 75' lang='lat' dir='ltr'><strong>Leonidae</strong></span> <span class='ocrx_word' id='word_1_52' title='bbox 535 1002 627 1080; x_wconf 78' lang='lat' dir='ltr'><strong>regis,</strong></span> <span class='ocrx_word' id='word_1_53' title='bbox 644 1020 713 1064; x_wconf 89' lang='lat' dir='ltr'><strong>cum</strong></span> <span class='ocrx_word' id='word_1_54' title='bbox 725 1003 858 1084; x_wconf 85' lang='lat' dir='ltr'><strong>quinque</strong></span> <span class='ocrx_word' id='word_1_55' title='bbox 872 1001 996 1064; x_wconf 84' lang='lat' dir='ltr'><strong>milibus</strong></span> <span class='ocrx_word' id='word_1_56' title='bbox 1006 1000 1096 1084; x_wconf 77' lang='lat' dir='ltr'><strong>Spar-</strong></span> 
     </span>
     <span class='ocr_line' id='line_1_8' title="bbox 109 1085 1097 1170; baseline 0.001 -21"><span class='ocrx_word' id='word_1_57' title='bbox 109 1087 258 1149; x_wconf 79' lang='lat' dir='ltr'><strong>tiatarum</strong></span> <span class='ocrx_word' id='word_1_58' title='bbox 275 1088 306 1147; x_wconf 88' lang='lat' dir='ltr'><strong>et</strong></span> <span class='ocrx_word' id='word_1_59' title='bbox 320 1085 450 1164; x_wconf 83' lang='lat' dir='ltr'><strong>triginta</strong></span> <span class='ocrx_word' id='word_1_60' title='bbox 464 1087 595 1166; x_wconf 87' lang='lat' dir='ltr'><strong>quinque</strong></span> <span class='ocrx_word' id='word_1_61' title='bbox 610 1107 776 1163; x_wconf 86' lang='lat' dir='ltr'><strong>servorum,</strong></span> <span class='ocrx_word' id='word_1_62' title='bbox 794 1107 976 1168; x_wconf 88' lang='lat' dir='ltr'><strong>quamquam</strong></span> <span class='ocrx_word' id='word_1_63' title='bbox 990 1087 1097 1170; x_wconf 81' lang='lat' dir='ltr'><strong>ephori</strong></span> 
     </span>
     <span class='ocr_line' id='line_1_9' title="bbox 110 1170 1096 1253; baseline 0.002 -21"><span class='ocrx_word' id='word_1_64' title='bbox 110 1173 199 1234; x_wconf 88' lang='lat' dir='ltr'><strong>initio</strong></span> <span class='ocrx_word' id='word_1_65' title='bbox 214 1171 331 1233; x_wconf 90' lang='lat' dir='ltr'><strong>bellum</strong></span> <span class='ocrx_word' id='word_1_66' title='bbox 342 1173 432 1233; x_wconf 80' lang='lat' dir='ltr'><strong>extra</strong></span> <span class='ocrx_word' id='word_1_67' title='bbox 442 1170 684 1253; x_wconf 81' lang='lat' dir='ltr'><strong>Peloponnesum</strong></span> <span class='ocrx_word' id='word_1_68' title='bbox 693 1173 762 1252; x_wconf 82' lang='lat' dir='ltr'><strong>geri</strong></span> <span class='ocrx_word' id='word_1_69' title='bbox 773 1177 942 1248; x_wconf 74' lang='lat' dir='ltr'><strong>vetuerant,</strong></span> <span class='ocrx_word' id='word_1_70' title='bbox 959 1174 999 1237; x_wconf 92' lang='lat' dir='ltr'><strong>ad</strong></span> <span class='ocrx_word' id='word_1_71' title='bbox 1008 1174 1096 1236; x_wconf 78' lang='lat' dir='ltr'><strong>auxi-</strong></span> 
     </span>
     <span class='ocr_line' id='line_1_10' title="bbox 109 1257 1096 1339; baseline 0.002 -21"><span class='ocrx_word' id='word_1_72' title='bbox 109 1259 188 1320; x_wconf 92' lang='lat' dir='ltr'><strong>lium</strong></span> <span class='ocrx_word' id='word_1_73' title='bbox 203 1257 444 1336; x_wconf 66' lang='lat' dir='ltr'><strong>Atheniensibus</strong></span> <span class='ocrx_word' id='word_1_74' title='bbox 465 1258 623 1320; x_wconf 80' lang='lat' dir='ltr'><strong>ferendum</strong></span> <span class='ocrx_word' id='word_1_75' title='bbox 645 1259 798 1338; x_wconf 87' lang='lat' dir='ltr'><strong>profectus</strong></span> <span class='ocrx_word' id='word_1_76' title='bbox 813 1263 891 1332; x_wconf 87' lang='lat' dir='ltr'><strong>erat;</strong></span> <span class='ocrx_word' id='word_1_77' title='bbox 915 1259 971 1319; x_wconf 90' lang='lat' dir='ltr'><strong>has</strong></span> <span class='ocrx_word' id='word_1_78' title='bbox 993 1259 1096 1339; x_wconf 87' lang='lat' dir='ltr'><strong>copiae</strong></span> 
     </span>
     <span class='ocr_line' id='line_1_11' title="bbox 110 1341 1161 1426; baseline 0 -22"><span class='ocrx_word' id='word_1_79' title='bbox 110 1344 205 1426; x_wconf 89' lang='lat' dir='ltr'><strong>paulo</strong></span> <span class='ocrx_word' id='word_1_80' title='bbox 231 1347 302 1424; x_wconf 89' lang='lat' dir='ltr'><strong>post</strong></span> <span class='ocrx_word' id='word_1_81' title='bbox 327 1341 541 1404; x_wconf 90' lang='lat' dir='ltr'><strong>Perioecornm</strong></span> <span class='ocrx_word' id='word_1_82' title='bbox 567 1345 699 1424; x_wconf 91' lang='lat' dir='ltr'><strong>quinque</strong></span> <span class='ocrx_word' id='word_1_83' title='bbox 723 1345 810 1406; x_wconf 88' lang='lat' dir='ltr'><strong>milia</strong></span> <span class='ocrx_word' id='word_1_84' title='bbox 833 1345 996 1406; x_wconf 84' lang='lat' dir='ltr'><strong>subsecuta</strong></span> <span class='ocrx_word' id='word_1_85' title='bbox 1014 1348 1093 1405; x_wconf 89' lang='lat' dir='ltr'><strong>sunt.</strong></span> <span class='ocrx_word' id='word_1_86' title='bbox 1119 1343 1161 1404; x_wconf 87' lang='lat'><strong>10</strong></span> 
     </span>
     <span class='ocr_line' id='line_1_12' title="bbox 110 1426 1185 1510; baseline -0.001 -19"><span class='ocrx_word' id='word_1_87' title='bbox 110 1429 160 1492; x_wconf 88' lang='lat' dir='ltr'><strong>Ac</strong></span> <span class='ocrx_word' id='word_1_88' title='bbox 174 1447 245 1490; x_wconf 89' lang='lat' dir='ltr'><strong>cum</strong></span> <span class='ocrx_word' id='word_1_89' title='bbox 259 1428 292 1489; x_wconf 89' lang='lat' dir='ltr'><strong>in</strong></span> <span class='ocrx_word' id='word_1_90' title='bbox 302 1426 438 1490; x_wconf 87' lang='lat' dir='ltr'><strong>Atticam</strong></span> <span class='ocrx_word' id='word_1_91' title='bbox 448 1430 647 1510; x_wconf 84' lang='lat' dir='ltr'><strong>pervenisset,</strong></span> <span class='ocrx_word' id='word_1_92' title='bbox 663 1429 840 1492; x_wconf 86' lang='lat' dir='ltr'><strong>Mardonius</strong></span> <span class='ocrx_word' id='word_1_93' title='bbox 852 1449 888 1490; x_wconf 89' lang='lat' dir='ltr'><strong>ea</strong></span> <span class='ocrx_word' id='word_1_94' title='bbox 899 1432 990 1505; x_wconf 88' lang='lat' dir='ltr'><strong>terra,</strong></span> <span class='ocrx_word' id='word_1_95' title='bbox 1006 1448 1097 1508; x_wconf 90' lang='lat' dir='ltr'><strong>quam</strong></span> <span class='ocrx_word' id='word_1_96' title='bbox 1181 1493 1185 1502; x_wconf 67' lang='grc'>,</span> 
     </span>
     <span class='ocr_line' id='line_1_13' title="bbox 110 1514 1098 1597; baseline -0.002 -20"><span class='ocrx_word' id='word_1_97' title='bbox 110 1515 228 1577; x_wconf 86' lang='lat' dir='ltr'><strong>Persae</strong></span> <span class='ocrx_word' id='word_1_98' title='bbox 242 1514 354 1575; x_wconf 89' lang='lat' dir='ltr'><strong>iterum</strong></span> <span class='ocrx_word' id='word_1_99' title='bbox 380 1519 595 1595; x_wconf 85' lang='lat' dir='ltr'><strong>expugnarant</strong></span> <span class='ocrx_word' id='word_1_100' title='bbox 608 1514 806 1597; x_wconf 82' lang='lat' dir='ltr'><strong>Athenasque</strong></span> <span class='ocrx_word' id='word_1_101' title='bbox 825 1515 962 1576; x_wconf 83' lang='lat' dir='ltr'><strong>funditus</strong></span> <span class='ocrx_word' id='word_1_102' title='bbox 977 1515 1098 1577; x_wconf 86' lang='lat' dir='ltr'><strong>deleve·</strong></span> 
     </span>
     <span class='ocr_line' id='line_1_14' title="bbox 110 1598 1176 1685; baseline -0.006 -19"><span class='ocrx_word' id='word_1_103' title='bbox 110 1603 192 1678; x_wconf 86' lang='lat' dir='ltr'><strong>rant,</strong></span> <span class='ocrx_word' id='word_1_104' title='bbox 206 1600 317 1662; x_wconf 82' lang='lat' dir='ltr'><strong>relicta</strong></span> <span class='ocrx_word' id='word_1_105' title='bbox 330 1600 362 1660; x_wconf 90' lang='lat' dir='ltr'><strong>in</strong></span> <span class='ocrx_word' id='word_1_106' title='bbox 378 1598 535 1661; x_wconf 90' lang='lat' dir='ltr'><strong>Boeotiam</strong></span> <span class='ocrx_word' id='word_1_107' title='bbox 553 1602 703 1662; x_wconf 90' lang='lat' dir='ltr'><strong>concessit</strong></span> <span class='ocrx_word' id='word_1_108' title='bbox 718 1604 749 1663; x_wconf 89' lang='lat' dir='ltr'><strong>et</strong></span> <span class='ocrx_word' id='word_1_109' title='bbox 762 1621 857 1685; x_wconf 87' lang='lat' dir='ltr'><strong>prope</strong></span> <span class='ocrx_word' id='word_1_110' title='bbox 871 1601 1014 1665; x_wconf 87' lang='lat' dir='ltr'><strong>Plataeas</strong></span> <span class='ocrx_word' id='word_1_111' title='bbox 1029 1619 1098 1663; x_wconf 92' lang='lat' dir='ltr'><strong>con·</strong></span> <span class='ocrx_word' id='word_1_112' title='bbox 1164 1639 1176 1660; x_wconf 85' lang='lat'><strong>.</strong></span> 
     </span>
     <span class='ocr_line' id='line_1_15' title="bbox 112 1685 1096 1768; baseline -0.002 -18"><span class='ocrx_word' id='word_1_113' title='bbox 112 1689 201 1750; x_wconf 84' lang='lat' dir='ltr'><strong>sedit.</strong></span> <span class='ocrx_word' id='word_1_114' title='bbox 247 1685 297 1746; x_wconf 84' lang='lat' dir='ltr'><strong>lbi</strong></span> <span class='ocrx_word' id='word_1_115' title='bbox 322 1704 392 1748; x_wconf 86' lang='lat' dir='ltr'><strong>cnm</strong></span> <span class='ocrx_word' id='word_1_116' title='bbox 416 1705 471 1766; x_wconf 87' lang='lat' dir='ltr'><strong>per</strong></span> <span class='ocrx_word' id='word_1_117' title='bbox 496 1686 602 1748; x_wconf 90' lang='lat' dir='ltr'><strong>decem</strong></span> <span class='ocrx_word' id='word_1_118' title='bbox 624 1687 689 1748; x_wconf 90' lang='lat' dir='ltr'><strong>dies</strong></span> <span class='ocrx_word' id='word_1_119' title='bbox 717 1685 836 1763; x_wconf 85' lang='lat' dir='ltr'><strong>Graeci,</strong></span> <span class='ocrx_word' id='word_1_120' title='bbox 863 1687 915 1768; x_wconf 90' lang='lat' dir='ltr'><strong>qui</strong></span> <span class='ocrx_word' id='word_1_121' title='bbox 941 1686 1096 1748; x_wconf 79' lang='lat' dir='ltr'><strong>subsecuti</strong></span> 
     </span>
    </p>
   </div>
   <div class='ocr_carea' id='block_1_3' title="bbox 1 1763 1161 2109">
    <p class='ocr_par' dir='ltr' id='par_1_3' title="bbox 1 1763 1161 2109">
     <span class='ocr_line' id='line_1_16' title="bbox 1 1763 1161 1854; baseline -0.002 -18"><span class='ocrx_word' id='word_1_122' title='bbox 1 1763 2 1840; x_wconf 64' lang='lat' dir='ltr'><strong>l</strong></span> <span class='ocrx_word' id='word_1_123' title='bbox 113 1775 210 1848; x_wconf 68' lang='lat' dir='ltr'><strong>ment,</strong></span> <span class='ocrx_word' id='word_1_124' title='bbox 227 1774 328 1833; x_wconf 82' lang='lat' dir='ltr'><strong>castra</strong></span> <span class='ocrx_word' id='word_1_125' title='bbox 342 1772 521 1833; x_wconf 81' lang='lat' dir='ltr'><strong>habuissent</strong></span> <span class='ocrx_word' id='word_1_126' title='bbox 530 1791 629 1852; x_wconf 91' lang='lat' dir='ltr'><strong>neque</strong></span> <span class='ocrx_word' id='word_1_127' title='bbox 640 1773 938 1854; x_wconf 78' lang='lat' dir='ltr'><strong>hostesadpugnam</strong></span> <span class='ocrx_word' id='word_1_128' title='bbox 950 1791 1096 1853; x_wconf 67' lang='lat' dir='ltr'><strong>provoca·</strong></span> <span class='ocrx_word' id='word_1_129' title='bbox 1120 1769 1161 1834; x_wconf 84' lang='lat'><strong>15</strong></span> 
     </span>
     <span class='ocr_line' id='line_1_17' title="bbox 1 1851 1095 1937; baseline -0.002 -17"><span class='ocrx_word' id='word_1_130' title='bbox 1 1851 2 1904; x_wconf 60' lang='lat' dir='ltr'><strong>l</strong></span> <span class='ocrx_word' id='word_1_131' title='bbox 116 1859 242 1932; x_wconf 73' lang='lat' dir='ltr'><strong>sissent,</strong></span> <span class='ocrx_word' id='word_1_132' title='bbox 258 1856 308 1918; x_wconf 90' lang='lat' dir='ltr'><strong>die</strong></span> <span class='ocrx_word' id='word_1_133' title='bbox 319 1857 479 1919; x_wconf 91' lang='lat' dir='ltr'><strong>undecimo</strong></span> <span class='ocrx_word' id='word_1_134' title='bbox 490 1856 668 1920; x_wconf 89' lang='lat' dir='ltr'><strong>Mardonius</strong></span> <span class='ocrx_word' id='word_1_135' title='bbox 684 1859 801 1937; x_wconf 89' lang='lat' dir='ltr'><strong>equites</strong></span> <span class='ocrx_word' id='word_1_136' title='bbox 817 1861 922 1920; x_wconf 88' lang='lat' dir='ltr'><strong>contra</strong></span> <span class='ocrx_word' id='word_1_137' title='bbox 936 1879 989 1920; x_wconf 90' lang='lat' dir='ltr'><strong>eos</strong></span> <span class='ocrx_word' id='word_1_138' title='bbox 1003 1857 1095 1919; x_wconf 88' lang='lat' dir='ltr'><strong>misit.</strong></span> 
     </span>
     <span class='ocr_line' id='line_1_18' title="bbox 1 1939 1097 2023; baseline -0.002 -18"><span class='ocrx_word' id='word_1_139' title='bbox 1 1993 3 2018; x_wconf 84' lang='lat'><strong>,</strong></span> <span class='ocrx_word' id='word_1_140' title='bbox 118 1945 180 2005; x_wconf 86' lang='lat' dir='ltr'><strong>His</strong></span> <span class='ocrx_word' id='word_1_141' title='bbox 196 1943 327 2022; x_wconf 79' lang='lat' dir='ltr'><strong>contigit,</strong></span> <span class='ocrx_word' id='word_1_142' title='bbox 344 1947 379 2004; x_wconf 92' lang='lat' dir='ltr'><strong>ut</strong></span> <span class='ocrx_word' id='word_1_143' title='bbox 394 1939 529 2005; x_wconf 85' lang='lat' dir='ltr'><strong>Graecos</strong></span> <span class='ocrx_word' id='word_1_144' title='bbox 545 1945 576 2004; x_wconf 91' lang='lat' dir='ltr'><strong>et</strong></span> <span class='ocrx_word' id='word_1_145' title='bbox 591 1944 752 2023; x_wconf 89' lang='lat' dir='ltr'><strong>aquatione</strong></span> <span class='ocrx_word' id='word_1_146' title='bbox 773 1946 804 2004; x_wconf 87' lang='lat' dir='ltr'><strong>et</strong></span> <span class='ocrx_word' id='word_1_147' title='bbox 819 1944 990 2005; x_wconf 89' lang='lat' dir='ltr'><strong>commeatu</strong></span> <span class='ocrx_word' id='word_1_148' title='bbox 1005 1945 1097 2004; x_wconf 87' lang='lat' dir='ltr'><strong>inter-</strong></span> 
     </span>
     <span class='ocr_line' id='line_1_19' title="bbox 1 2023 1096 2109; baseline -0.005 -17"><span class='ocrx_word' id='word_1_149' title='bbox 1 2023 2 2064; x_wconf 65' lang='lat'><em>³</em></span> <span class='ocrx_word' id='word_1_150' title='bbox 119 2029 276 2091; x_wconf 87' lang='lat' dir='ltr'><strong>eluderent</strong></span> <span class='ocrx_word' id='word_1_151' title='bbox 281 2053 288 2103; x_wconf 91' lang='lat'>;</span> <span class='ocrx_word' id='word_1_152' title='bbox 305 2048 364 2109; x_wconf 90' lang='lat' dir='ltr'><strong>quc</strong></span> <span class='ocrx_word' id='word_1_153' title='bbox 378 2029 459 2090; x_wconf 87' lang='lat' dir='ltr'><strong>facto</strong></span> <span class='ocrx_word' id='word_1_154' title='bbox 475 2046 543 2089; x_wconf 91' lang='lat' dir='ltr'><strong>cum</strong></span> <span class='ocrx_word' id='word_1_155' title='bbox 558 2027 590 2089; x_wconf 93' lang='lat' dir='ltr'><strong>hi</strong></span> <span class='ocrx_word' id='word_1_156' title='bbox 604 2028 701 2090; x_wconf 88' lang='lat' dir='ltr'><strong>multa</strong></span> <span class='ocrx_word' id='word_1_157' title='bbox 714 2033 803 2090; x_wconf 90' lang='lat' dir='ltr'><strong>nocte</strong></span> <span class='ocrx_word' id='word_1_158' title='bbox 818 2031 918 2090; x_wconf 87' lang='lat' dir='ltr'><strong>castra</strong></span> <span class='ocrx_word' id='word_1_159' title='bbox 929 2029 1096 2102; x_wconf 83' lang='lat' dir='ltr'><strong>moverent,</strong></span> 
     </span>
    </p>
   </div>
   <div class='ocr_carea' id='block_1_4' title="bbox 112 2113 1161 2537">
    <p class='ocr_par' dir='ltr' id='par_1_4' title="bbox 112 2113 1161 2537">
     <span class='ocr_line' id='line_1_20' title="bbox 115 2113 1097 2194; baseline -0.006 -16"><span class='ocrx_word' id='word_1_160' title='bbox 115 2115 296 2178; x_wconf 85' lang='lat' dir='ltr'><strong>Mardonius</strong></span> <span class='ocrx_word' id='word_1_161' title='bbox 318 2134 388 2176; x_wconf 90' lang='lat' dir='ltr'><strong>enm</strong></span> <span class='ocrx_word' id='word_1_162' title='bbox 408 2113 578 2175; x_wconf 81' lang='lat' dir='ltr'><strong>discessum</strong></span> <span class='ocrx_word' id='word_1_163' title='bbox 601 2113 707 2193; x_wconf 82' lang='lat' dir='ltr'><strong>lugam</strong></span> <span class='ocrx_word' id='word_1_164' title='bbox 728 2133 796 2175; x_wconf 90' lang='lat' dir='ltr'><strong>esse</strong></span> <span class='ocrx_word' id='word_1_165' title='bbox 817 2118 903 2174; x_wconf 87' lang='lat' dir='ltr'><strong>ratus</strong></span> <span class='ocrx_word' id='word_1_166' title='bbox 917 2114 1016 2194; x_wconf 88' lang='lat' dir='ltr'><strong>prima</strong></span> <span class='ocrx_word' id='word_1_167' title='bbox 1029 2113 1097 2172; x_wconf 91' lang='lat' dir='ltr'><strong>luce</strong></span> 
     </span>
     <span class='ocr_line' id='line_1_21' title="bbox 113 2194 1161 2280; baseline -0.008 -16"><span class='ocrx_word' id='word_1_168' title='bbox 113 2219 236 2264; x_wconf 89' lang='lat' dir='ltr'><strong>omnem</strong></span> <span class='ocrx_word' id='word_1_169' title='bbox 266 2201 450 2280; x_wconf 89' lang='lat' dir='ltr'><strong>peditatum,</strong></span> <span class='ocrx_word' id='word_1_170' title='bbox 481 2200 532 2280; x_wconf 92' lang='lat' dir='ltr'><strong>qui</strong></span> <span class='ocrx_word' id='word_1_171' title='bbox 559 2197 694 2260; x_wconf 84' lang='lat' dir='ltr'><strong>Graecos</strong></span> <span class='ocrx_word' id='word_1_172' title='bbox 719 2199 903 2273; x_wconf 81' lang='lat' dir='ltr'><strong>adoriretur,</strong></span> <span class='ocrx_word' id='word_1_173' title='bbox 936 2218 954 2259; x_wconf 94' lang='lat' dir='ltr'><strong>e</strong></span> <span class='ocrx_word' id='word_1_174' title='bbox 986 2198 1097 2260; x_wconf 86' lang='lat' dir='ltr'><strong>castris</strong></span> <span class='ocrx_word' id='word_1_175' title='bbox 1117 2194 1161 2258; x_wconf 80' lang='lat'><strong>20</strong></span> 
     </span>
     <span class='ocr_line' id='line_1_22' title="bbox 112 2284 1096 2366; baseline -0.004 -18"><span class='ocrx_word' id='word_1_176' title='bbox 112 2287 213 2348; x_wconf 88' lang='lat' dir='ltr'><strong>duxit.</strong></span> <span class='ocrx_word' id='word_1_177' title='bbox 259 2286 338 2348; x_wconf 81' lang='lat' dir='ltr'><strong>Tum</strong></span> <span class='ocrx_word' id='word_1_178' title='bbox 363 2285 451 2347; x_wconf 86' lang='lat' dir='ltr'><strong>brevi</strong></span> <span class='ocrx_word' id='word_1_179' title='bbox 476 2295 546 2366; x_wconf 88' lang='lat' dir='ltr'><strong>post</strong></span> <span class='ocrx_word' id='word_1_180' title='bbox 571 2285 710 2346; x_wconf 90' lang='lat' dir='ltr'><strong>omnibns</strong></span> <span class='ocrx_word' id='word_1_181' title='bbox 735 2284 811 2346; x_wconf 79' lang='lat' dir='ltr'><strong>locis</strong></span> <span class='ocrx_word' id='word_1_182' title='bbox 841 2287 1009 2364; x_wconf 87' lang='lat' dir='ltr'><strong>pugnatum</strong></span> <span class='ocrx_word' id='word_1_183' title='bbox 1035 2285 1096 2358; x_wconf 79' lang='lat' dir='ltr'><strong>cst3</strong></span> 
     </span>
     <span class='ocr_line' id='line_1_23' title="bbox 116 2371 1098 2454; baseline -0.004 -20"><span class='ocrx_word' id='word_1_184' title='bbox 116 2371 265 2454; x_wconf 85' lang='lat' dir='ltr'><strong>quamdiu</strong></span> <span class='ocrx_word' id='word_1_185' title='bbox 288 2371 468 2433; x_wconf 85' lang='lat' dir='ltr'><strong>Mardonius</strong></span> <span class='ocrx_word' id='word_1_186' title='bbox 501 2390 578 2450; x_wconf 91' lang='lat' dir='ltr'><strong>equo</strong></span> <span class='ocrx_word' id='word_1_187' title='bbox 611 2371 680 2432; x_wconf 86' lang='lat' dir='ltr'><strong>albo</strong></span> <span class='ocrx_word' id='word_1_188' title='bbox 706 2373 814 2432; x_wconf 84' lang='lat' dir='ltr'><strong>vectus</strong></span> <span class='ocrx_word' id='word_1_189' title='bbox 844 2373 999 2451; x_wconf 88' lang='lat' dir='ltr'><strong>superstes</strong></span> <span class='ocrx_word' id='word_1_190' title='bbox 1024 2371 1098 2444; x_wconf 90' lang='lat' dir='ltr'><strong>eret,</strong></span> 
     </span>
     <span class='ocr_line' id='line_1_24' title="bbox 115 2456 1098 2537; baseline -0.004 -17"><span class='ocrx_word' id='word_1_191' title='bbox 115 2459 232 2520; x_wconf 87' lang='lat' dir='ltr'><strong>Persae</strong></span> <span class='ocrx_word' id='word_1_192' title='bbox 247 2456 429 2519; x_wconf 84' lang='lat' dir='ltr'><strong>fortissimos</strong></span> <span class='ocrx_word' id='word_1_193' title='bbox 445 2456 528 2518; x_wconf 86' lang='lat' dir='ltr'><strong>viros</strong></span> <span class='ocrx_word' id='word_1_194' title='bbox 543 2476 576 2517; x_wconf 93' lang='lat' dir='ltr'><strong>se</strong></span> <span class='ocrx_word' id='word_1_195' title='bbox 590 2456 809 2537; x_wconf 84' lang='lat' dir='ltr'><strong>praestiterunt</strong></span> <span class='ocrx_word' id='word_1_196' title='bbox 822 2459 854 2518; x_wconf 88' lang='lat' dir='ltr'><strong>et</strong></span> <span class='ocrx_word' id='word_1_197' title='bbox 868 2457 980 2517; x_wconf 90' lang='lat' dir='ltr'><strong>multos</strong></span> <span class='ocrx_word' id='word_1_198' title='bbox 995 2456 1098 2518; x_wconf 87' lang='lat' dir='ltr'><strong>hostes</strong></span> 
     </span>
    </p>
   </div>
   <div class='ocr_carea' id='block_1_5' title="bbox 2 2535 1170 2708">
    <p class='ocr_par' dir='ltr' id='par_1_5' title="bbox 2 2535 1170 2708">
     <span class='ocr_line' id='line_1_25' title="bbox 2 2535 1098 2622; baseline -0.003 -17"><span class='ocrx_word' id='word_1_199' title='bbox 2 2553 3 2605; x_wconf 80' lang='lat' dir='ltr'><strong>l</strong></span> <span class='ocrx_word' id='word_1_200' title='bbox 114 2535 294 2606; x_wconf 78' lang='lat' dir='ltr'><strong>occideinnt</strong></span> <span class='ocrx_word' id='word_1_201' title='bbox 318 2541 478 2605; x_wconf 82' lang='lat' dir='ltr'><strong>Ecautem</strong></span> <span class='ocrx_word' id='word_1_202' title='bbox 489 2539 927 2622; x_wconf 83' lang='lat' dir='ltr'><strong>perArimneahrmhcminem</strong></span> <span class='ocrx_word' id='word_1_203' title='bbox 937 2541 1098 2616; x_wconf 87' lang='lat' dir='ltr'><strong>Laconem,</strong></span> 
     </span>
     <span class='ocr_line' id='line_1_26' title="bbox 2 2621 1170 2708; baseline -0.01 -14"><span class='ocrx_word' id='word_1_204' title='bbox 2 2628 3 2694; x_wconf 62' lang='lat'><em>5</em></span> <span class='ocrx_word' id='word_1_205' title='bbox 118 2630 293 2704; x_wconf 77' lang='lat' dir='ltr'><strong>interfecte,</strong></span> <span class='ocrx_word' id='word_1_206' title='bbox 317 2627 403 2690; x_wconf 90' lang='lat' dir='ltr'><strong>nullo</strong></span> <span class='ocrx_word' id='word_1_207' title='bbox 426 2628 532 2690; x_wconf 88' lang='lat' dir='ltr'><strong>ordine</strong></span> <span class='ocrx_word' id='word_1_208' title='bbox 553 2629 584 2688; x_wconf 93' lang='lat' dir='ltr'><strong>in</strong></span> <span class='ocrx_word' id='word_1_209' title='bbox 608 2631 709 2690; x_wconf 86' lang='lat' dir='ltr'><strong>castra</strong></span> <span class='ocrx_word' id='word_1_210' title='bbox 732 2629 849 2690; x_wconf 88' lang='lat' dir='ltr'><strong>munita</strong></span> <span class='ocrx_word' id='word_1_211' title='bbox 869 2628 1029 2708; x_wconf 79' lang='lat' dir='ltr'><strong>ingerunt,</strong></span> <span class='ocrx_word' id='word_1_212' title='bbox 1060 2625 1100 2687; x_wconf 91' lang='lat' dir='ltr'><strong>ad</strong></span> <span class='ocrx_word' id='word_1_213' title='bbox 1121 2621 1170 2684; x_wconf 77' lang='lat'><strong>25.</strong></span> 
     </span>
    </p>
   </div>
   <div class='ocr_carea' id='block_1_6' title="bbox 115 2711 1156 2963">
    <p class='ocr_par' dir='ltr' id='par_1_6' title="bbox 115 2711 1156 2963">
     <span class='ocr_line' id='line_1_27' title="bbox 117 2711 1100 2796; baseline -0.005 -20"><span class='ocrx_word' id='word_1_214' title='bbox 117 2733 196 2796; x_wconf 88' lang='lat' dir='ltr'><strong>qnae</strong></span> <span class='ocrx_word' id='word_1_215' title='bbox 209 2713 426 2794; x_wconf 80' lang='lat' dir='ltr'><strong>expugnanda,</strong></span> <span class='ocrx_word' id='word_1_216' title='bbox 441 2731 509 2774; x_wconf 90' lang='lat' dir='ltr'><strong>curn</strong></span> <span class='ocrx_word' id='word_1_217' title='bbox 521 2712 752 2776; x_wconf 86' lang='lat' dir='ltr'><strong>Lacedaemonii</strong></span> <span class='ocrx_word' id='word_1_218' title='bbox 764 2713 830 2774; x_wconf 90' lang='lat' dir='ltr'><strong>eiua</strong></span> <span class='ocrx_word' id='word_1_219' title='bbox 841 2712 886 2774; x_wconf 92' lang='lat' dir='ltr'><strong>rei</strong></span> <span class='ocrx_word' id='word_1_220' title='bbox 896 2713 997 2774; x_wconf 88' lang='lat' dir='ltr'><strong>minus</strong></span> <span class='ocrx_word' id='word_1_221' title='bbox 1008 2711 1100 2792; x_wconf 84' lang='lat' dir='ltr'><strong>periti</strong></span> 
     </span>
     <span class='ocr_line' id='line_1_28' title="bbox 115 2798 694 2876; baseline -0.007 -14"><span class='ocrx_word' id='word_1_222' title='bbox 115 2804 228 2876; x_wconf 86' lang='lat' dir='ltr'><strong>essent,</strong></span> <span class='ocrx_word' id='word_1_223' title='bbox 245 2798 448 2860; x_wconf 87' lang='lat' dir='ltr'><strong>Athenienses</strong></span> <span class='ocrx_word' id='word_1_224' title='bbox 463 2799 601 2861; x_wconf 87' lang='lat' dir='ltr'><strong>arcessiti</strong></span> <span class='ocrx_word' id='word_1_225' title='bbox 615 2804 694 2860; x_wconf 87' lang='lat' dir='ltr'><strong>aunt.</strong></span> 
     </span>
     <span class='ocr_line' id='line_1_29' title="bbox 202 2879 1156 2963; baseline -0.008 -16"><span class='ocrx_word' id='word_1_226' title='bbox 202 2885 291 2947; x_wconf 88' lang='lat' dir='ltr'><strong>Haec</strong></span> <span class='ocrx_word' id='word_1_227' title='bbox 312 2885 425 2945; x_wconf 87' lang='lat' dir='ltr'><strong>cursim</strong></span> <span class='ocrx_word' id='word_1_228' title='bbox 445 2884 620 2963; x_wconf 83' lang='lat' dir='ltr'><strong>attigimus,</strong></span> <span class='ocrx_word' id='word_1_229' title='bbox 641 2903 711 2945; x_wconf 91' lang='lat' dir='ltr'><strong>cnm</strong></span> <span class='ocrx_word' id='word_1_230' title='bbox 731 2884 792 2944; x_wconf 91' lang='lat' dir='ltr'><strong>iam</strong></span> <span class='ocrx_word' id='word_1_231' title='bbox 814 2883 846 2942; x_wconf 90' lang='lat' dir='ltr'><strong>in</strong></span> <span class='ocrx_word' id='word_1_232' title='bbox 866 2881 931 2942; x_wconf 83' lang='lat' dir='ltr'><strong>vita</strong></span> <span class='ocrx_word' id='word_1_233' title='bbox 954 2879 1100 2941; x_wconf 87' lang='lat' dir='ltr'><strong>Aristidis</strong></span> <span class='ocrx_word' id='word_1_234' title='bbox 1121 2879 1156 2940; x_wconf 92' lang='lat' dir='ltr'>H</span> 
     </span>
    </p>
   </div>
   <div class='ocr_carea' id='block_1_7' title="bbox 3 2965 1100 3050">
    <p class='ocr_par' dir='ltr' id='par_1_7' title="bbox 3 2965 1100 3050">
     <span class='ocr_line' id='line_1_30' title="bbox 3 2965 1100 3050; baseline -0.006 -16"><span class='ocrx_word' id='word_1_235' title='bbox 3 3007 4 3010; x_wconf 17' lang='grc' dir='ltr'><strong>κ</strong></span> <span class='ocrx_word' id='word_1_236' title='bbox 118 2991 183 3034; x_wconf 90' lang='lat' dir='ltr'><strong>rem</strong></span> <span class='ocrx_word' id='word_1_237' title='bbox 198 2969 323 3032; x_wconf 88' lang='lat' dir='ltr'><strong>uberius</strong></span> <span class='ocrx_word' id='word_1_238' title='bbox 340 2971 579 3050; x_wconf 78' lang='lat' dir='ltr'><strong>exposuerimus.</strong></span> <span class='ocrx_word' id='word_1_239' title='bbox 623 2968 791 3030; x_wconf 83' lang='lat' dir='ltr'><strong>Pausanias</strong></span> <span class='ocrx_word' id='word_1_240' title='bbox 806 2985 844 3028; x_wconf 89' lang='lat' dir='ltr'><strong>ea</strong></span> <span class='ocrx_word' id='word_1_241' title='bbox 857 2966 988 3028; x_wconf 88' lang='lat' dir='ltr'><strong>victoria</strong></span> <span class='ocrx_word' id='word_1_242' title='bbox 1002 2965 1100 3027; x_wconf 85' lang='lat' dir='ltr'><strong>elatus</strong></span> 
     </span>
    </p>
   </div>
   <div class='ocr_carea' id='block_1_8' title="bbox 119 3046 1168 3822">
    <p class='ocr_par' dir='ltr' id='par_1_8' title="bbox 119 3046 1168 3822">
     <span class='ocr_line' id='line_1_31' title="bbox 119 3046 1166 3138; baseline -0.008 -19"><span class='ocrx_word' id='word_1_243' title='bbox 119 3057 251 3138; x_wconf 86' lang='lat' dir='ltr'><strong>plurima</strong></span> <span class='ocrx_word' id='word_1_244' title='bbox 263 3057 392 3117; x_wconf 87' lang='lat' dir='ltr'><strong>miscere</strong></span> <span class='ocrx_word' id='word_1_245' title='bbox 408 3056 507 3136; x_wconf 89' lang='lat' dir='ltr'><strong>eoepit</strong></span> <span class='ocrx_word' id='word_1_246' title='bbox 520 3059 552 3118; x_wconf 89' lang='lat' dir='ltr'><strong>et</strong></span> <span class='ocrx_word' id='word_1_247' title='bbox 566 3054 682 3118; x_wconf 86' lang='lat' dir='ltr'><strong>maiora</strong></span> <span class='ocrx_word' id='word_1_248' title='bbox 697 3053 918 3134; x_wconf 85' lang='lat' dir='ltr'><strong>concupiscere.</strong></span> <span class='ocrx_word' id='word_1_249' title='bbox 963 3049 1024 3112; x_wconf 78' lang='lat' dir='ltr'><strong>Sed</strong></span> <span class='ocrx_word' id='word_1_250' title='bbox 1039 3051 1100 3132; x_wconf 89' lang='lat' dir='ltr'><strong>pri·</strong></span> <span class='ocrx_word' id='word_1_251' title='bbox 1123 3046 1166 3112; x_wconf 89' lang='lat'><strong>30</strong></span> 
     </span>
     <span class='ocr_line' id='line_1_32' title="bbox 119 3137 1103 3222; baseline -0.006 -18"><span class='ocrx_word' id='word_1_252' title='bbox 119 3161 203 3204; x_wconf 88' lang='lat' dir='ltr'><strong>mum</strong></span> <span class='ocrx_word' id='word_1_253' title='bbox 217 3143 250 3203; x_wconf 86' lang='lat' dir='ltr'><strong>in</strong></span> <span class='ocrx_word' id='word_1_254' title='bbox 265 3161 300 3203; x_wconf 89' lang='lat' dir='ltr'><strong>eo</strong></span> <span class='ocrx_word' id='word_1_255' title='bbox 316 3143 363 3202; x_wconf 89' lang='lat' dir='ltr'><strong>est</strong></span> <span class='ocrx_word' id='word_1_256' title='bbox 376 3142 587 3222; x_wconf 88' lang='lat' dir='ltr'><strong>reprehensus,</strong></span> <span class='ocrx_word' id='word_1_257' title='bbox 603 3141 684 3221; x_wconf 92' lang='lat' dir='ltr'><strong>qnod</strong></span> <span class='ocrx_word' id='word_1_258' title='bbox 698 3159 767 3202; x_wconf 88' lang='lat' dir='ltr'><strong>cum</strong></span> <span class='ocrx_word' id='word_1_259' title='bbox 778 3159 815 3200; x_wconf 85' lang='lat' dir='ltr'><strong>ex</strong></span> <span class='ocrx_word' id='word_1_260' title='bbox 826 3139 941 3220; x_wconf 83' lang='lat' dir='ltr'><strong>praeda</strong></span> <span class='ocrx_word' id='word_1_261' title='bbox 952 3137 1103 3218; x_wconf 89' lang='lat' dir='ltr'><strong>tripodem</strong></span> 
     </span>
     <span class='ocr_line' id='line_1_33' title="bbox 119 3223 1104 3308; baseline -0.007 -18"><span class='ocrx_word' id='word_1_262' title='bbox 119 3247 246 3290; x_wconf 88' lang='lat' dir='ltr'><strong>aureum</strong></span> <span class='ocrx_word' id='word_1_263' title='bbox 269 3225 397 3307; x_wconf 88' lang='lat' dir='ltr'><strong>Delphis</strong></span> <span class='ocrx_word' id='word_1_264' title='bbox 419 3225 581 3306; x_wconf 85' lang='lat' dir='ltr'><strong>posuisset,</strong></span> <span class='ocrx_word' id='word_1_265' title='bbox 604 3226 637 3286; x_wconf 91' lang='lat' dir='ltr'><strong>in</strong></span> <span class='ocrx_word' id='word_1_266' title='bbox 659 3245 694 3288; x_wconf 94' lang='lat' dir='ltr'><strong>eo</strong></span> <span class='ocrx_word' id='word_1_267' title='bbox 715 3227 905 3308; x_wconf 84' lang='lat' dir='ltr'><strong>epigramma</strong></span> <span class='ocrx_word' id='word_1_268' title='bbox 918 3223 1048 3305; x_wconf 82' lang='lat' dir='ltr'><strong>scripsit,</strong></span> <span class='ocrx_word' id='word_1_269' title='bbox 1071 3223 1104 3284; x_wconf 88' lang='lat' dir='ltr'><strong>in</strong></span> 
     </span>
     <span class='ocr_line' id='line_1_34' title="bbox 121 3308 1103 3394; baseline -0.006 -20"><span class='ocrx_word' id='word_1_270' title='bbox 121 3333 179 3394; x_wconf 90' lang='lat' dir='ltr'><strong>quo</strong></span> <span class='ocrx_word' id='word_1_271' title='bbox 193 3313 270 3376; x_wconf 90' lang='lat' dir='ltr'><strong>haec</strong></span> <span class='ocrx_word' id='word_1_272' title='bbox 284 3315 351 3374; x_wconf 86' lang='lat' dir='ltr'><strong>erat</strong></span> <span class='ocrx_word' id='word_1_273' title='bbox 362 3313 525 3373; x_wconf 87' lang='lat' dir='ltr'><strong>sententia:</strong></span> <span class='ocrx_word' id='word_1_274' title='bbox 541 3330 595 3373; x_wconf 91' lang='lat' dir='ltr'><strong>suo</strong></span> <span class='ocrx_word' id='word_1_275' title='bbox 607 3312 700 3374; x_wconf 83' lang='lat' dir='ltr'><strong>ductu</strong></span> <span class='ocrx_word' id='word_1_276' title='bbox 711 3309 857 3374; x_wconf 84' lang='lat' dir='ltr'><strong>barbaros</strong></span> <span class='ocrx_word' id='word_1_277' title='bbox 868 3311 949 3393; x_wconf 90' lang='lat' dir='ltr'><strong>apud</strong></span> <span class='ocrx_word' id='word_1_278' title='bbox 959 3308 1103 3370; x_wconf 82' lang='lat' dir='ltr'><strong>Plataeas</strong></span> 
     </span>
     <span class='ocr_line' id='line_1_35' title="bbox 124 3394 1103 3478; baseline -0.007 -18"><span class='ocrx_word' id='word_1_279' title='bbox 124 3419 191 3460; x_wconf 87' lang='lat' dir='ltr'><strong>esse</strong></span> <span class='ocrx_word' id='word_1_280' title='bbox 204 3398 303 3460; x_wconf 84' lang='lat' dir='ltr'><strong>victos</strong></span> <span class='ocrx_word' id='word_1_281' title='bbox 318 3397 443 3477; x_wconf 89' lang='lat' dir='ltr'><strong>eiusque</strong></span> <span class='ocrx_word' id='word_1_282' title='bbox 457 3397 605 3460; x_wconf 78' lang='lat' dir='ltr'><strong>victoriae</strong></span> <span class='ocrx_word' id='word_1_283' title='bbox 619 3417 693 3478; x_wconf 84' lang='lat' dir='ltr'><strong>argo</strong></span> <span class='ocrx_word' id='word_1_284' title='bbox 709 3417 742 3458; x_wconf 89' lang='lat' dir='ltr'><strong>se</strong></span> <span class='ocrx_word' id='word_1_285' title='bbox 756 3396 893 3478; x_wconf 89' lang='lat' dir='ltr'><strong>Apollini</strong></span> <span class='ocrx_word' id='word_1_286' title='bbox 917 3395 1029 3455; x_wconf 89' lang='lat' dir='ltr'><strong>donum</strong></span> <span class='ocrx_word' id='word_1_287' title='bbox 1051 3394 1103 3453; x_wconf 87' lang='lat' dir='ltr'><strong>de-</strong></span> 
     </span>
     <span class='ocr_line' id='line_1_36' title="bbox 121 3472 1168 3563; baseline -0.008 -17"><span class='ocrx_word' id='word_1_288' title='bbox 121 3485 209 3546; x_wconf 86' lang='lat' dir='ltr'><strong>disse.</strong></span> <span class='ocrx_word' id='word_1_289' title='bbox 254 3483 323 3545; x_wconf 85' lang='lat' dir='ltr'><strong>Hos</strong></span> <span class='ocrx_word' id='word_1_290' title='bbox 337 3503 446 3545; x_wconf 88' lang='lat' dir='ltr'><strong>versus</strong></span> <span class='ocrx_word' id='word_1_291' title='bbox 459 3483 692 3548; x_wconf 83' lang='lat' dir='ltr'><strong>Lacedaemonii</strong></span> <span class='ocrx_word' id='word_1_292' title='bbox 706 3486 812 3563; x_wconf 87' lang='lat' dir='ltr'><strong>postea</strong></span> <span class='ocrx_word' id='word_1_293' title='bbox 826 3483 984 3542; x_wconf 84' lang='lat' dir='ltr'><strong>eraserunt</strong></span> <span class='ocrx_word' id='word_1_294' title='bbox 1003 3497 1102 3559; x_wconf 89' lang='lat' dir='ltr'><strong>neque</strong></span> <span class='ocrx_word' id='word_1_295' title='bbox 1125 3472 1168 3538; x_wconf 84' lang='lat'><strong>35</strong></span> 
     </span>
     <span class='ocr_line' id='line_1_37' title="bbox 121 3567 1105 3650; baseline -0.006 -19"><span class='ocrx_word' id='word_1_296' title='bbox 121 3569 203 3632; x_wconf 88' lang='lat' dir='ltr'><strong>aliud</strong></span> <span class='ocrx_word' id='word_1_297' title='bbox 218 3569 415 3650; x_wconf 86' lang='lat' dir='ltr'><strong>seripserunt,</strong></span> <span class='ocrx_word' id='word_1_298' title='bbox 444 3569 504 3630; x_wconf 88' lang='lat' dir='ltr'><strong>nisi</strong></span> <span class='ocrx_word' id='word_1_299' title='bbox 517 3569 640 3632; x_wconf 89' lang='lat' dir='ltr'><strong>nomina</strong></span> <span class='ocrx_word' id='word_1_300' title='bbox 654 3586 760 3629; x_wconf 88' lang='lat' dir='ltr'><strong>earum</strong></span> <span class='ocrx_word' id='word_1_301' title='bbox 786 3567 954 3641; x_wconf 81' lang='lat' dir='ltr'><strong>civitatum,</strong></span> <span class='ocrx_word' id='word_1_302' title='bbox 975 3581 1105 3644; x_wconf 82' lang='lat' dir='ltr'><strong>quarum</strong></span> 
     </span>
     <span class='ocr_line' id='line_1_38' title="bbox 124 3651 1104 3734; baseline -0.006 -16"><span class='ocrx_word' id='word_1_303' title='bbox 124 3655 239 3718; x_wconf 83' lang='lat' dir='ltr'><strong>auxilio</strong></span> <span class='ocrx_word' id='word_1_304' title='bbox 254 3653 368 3717; x_wconf 85' lang='lat' dir='ltr'><strong>Persae</strong></span> <span class='ocrx_word' id='word_1_305' title='bbox 389 3657 476 3716; x_wconf 81' lang='lat' dir='ltr'><strong>erant</strong></span> <span class='ocrx_word' id='word_1_306' title='bbox 497 3654 618 3716; x_wconf 86' lang='lat' dir='ltr'><strong>devicti.</strong></span> <span class='ocrx_word' id='word_1_307' title='bbox 664 3652 739 3715; x_wconf 90' lang='lat' dir='ltr'><strong>Post</strong></span> <span class='ocrx_word' id='word_1_308' title='bbox 759 3652 791 3714; x_wconf 92' lang='lat' dir='ltr'><strong>id</strong></span> <span class='ocrx_word' id='word_1_309' title='bbox 805 3651 956 3734; x_wconf 89' lang='lat' dir='ltr'><strong>proelium</strong></span> <span class='ocrx_word' id='word_1_310' title='bbox 972 3651 1104 3712; x_wconf 83' lang='lat' dir='ltr'><strong>eundem</strong></span> 
     </span>
     <span class='ocr_line' id='line_1_39' title="bbox 121 3735 1105 3822; baseline -0.004 -22"><span class='ocrx_word' id='word_1_311' title='bbox 121 3739 305 3803; x_wconf 80' lang='lat' dir='ltr'><strong>Pausaniam</strong></span> <span class='ocrx_word' id='word_1_312' title='bbox 320 3759 387 3802; x_wconf 88' lang='lat' dir='ltr'><strong>cnm</strong></span> <span class='ocrx_word' id='word_1_313' title='bbox 402 3739 500 3802; x_wconf 86' lang='lat' dir='ltr'><strong>classe</strong></span> <span class='ocrx_word' id='word_1_314' title='bbox 512 3737 664 3803; x_wconf 87' lang='lat' dir='ltr'><strong>communi</strong></span> <span class='ocrx_word' id='word_1_315' title='bbox 677 3735 812 3822; x_wconf 81' lang='lat' dir='ltr'><strong>Cyprum</strong></span> <span class='ocrx_word' id='word_1_316' title='bbox 825 3738 916 3818; x_wconf 91' lang='lat' dir='ltr'><strong>atque</strong></span> <span class='ocrx_word' id='word_1_317' title='bbox 924 3735 1105 3818; x_wconf 84' lang='lat' dir='ltr'><strong>Hellespon·</strong></span> 
     </span>
    </p>
   </div>
   <div class='ocr_carea' id='block_1_9' title="bbox 0 0 1397 4486">
    <p class='ocr_par' dir='ltr' id='par_1_9' title="bbox 0 0 1397 4486">
     <span class='ocr_line' id='line_1_40' title="bbox 0 0 1397 4486; baseline 0 0"><span class='ocrx_word' id='word_1_318' title='bbox 0 0 1397 4486; x_wconf 95' lang='lat' dir='ltr'><strong> </strong></span> 
     </span>
    </p>
   </div>
  </div>
 </body>
</html>
