2748 4486
384 389 409 450 Ι.
433 385 670 450 MILTIADES.
996 383 1018 450 5

37 561 129 644 pulsi,
143 565 180 624 ut
189 559 333 622 iniuriam
345 559 462 622 illatam
472 559 700 632 ulciscerentur,
712 559 841 620 feminas
852 557 1018 622 Athenien·

38 650 120 710 sium
141 667 222 728 quae
240 647 320 708 forte
339 645 371 706 in
392 645 483 708 litore
503 645 597 708 festos
612 645 677 707 dies
691 645 807 708 Dianae
822 647 955 725 agebant
967 647 1018 708 ab·

37 737 143 817 reptas
165 751 269 794 secum
288 731 436 794 Lemnum
455 731 659 808 abduxerant,
680 735 787 812 postea
800 751 874 793 vero
890 735 921 794 et
934 732 1018 812 ipsas

38 825 69 881 et
83 821 198 882 liberos
213 817 307 880 exiis
321 823 479 898 susceptos
493 818 717 880 interfecerant.
762 817 911 898 Tempore
925 817 1018 878 inter·

16 955 22 964 .
38 907 143 982 misso,
166 903 329 966 sterilitate
350 907 381 965 et
394 923 538 985 pecorum
553 907 584 964 et
598 922 742 983 agrorum
756 921 792 964 ac
811 903 892 964 fame
910 902 1019 984 pressi,
1039 901 1061 968 5

39 992 166 1054 utinam
181 991 307 1052 deorum
322 993 505 1064 averterent,
520 989 654 1070 Delphos
665 989 705 1050 sd
715 988 864 1052 auxilium
875 992 1019 1071 expeten-

39 1079 114 1140 dum
128 1077 286 1139 miserunt.
332 1073 565 1137 Consulentibus
575 1073 690 1158 Pythia
702 1075 865 1155 praecepit,
878 1079 913 1137 ut
927 1094 1019 1155 quam

38 1181 170 1245 poenam
177 1161 382 1223 Athenienses
391 1161 554 1242 irrogaturi
570 1163 673 1222 essent
681 1161 855 1241 penderent.
878 1160 1019 1223 liautem

38 1250 188 1328 Pelasgos
212 1253 326 1308 terram
347 1247 405 1308 sibi
425 1247 546 1308 tradere
567 1247 735 1322 iusserunt,
756 1247 837 1326 quod
850 1245 970 1308 Lemnii
984 1265 1019 1308 se

40 1337 176 1398 facturos
190 1333 321 1414 polliciti
336 1338 415 1409 sunt,
437 1333 463 1393 si
477 1331 573 1395 Attici
587 1336 678 1394 vento
693 1332 833 1412 aquilone
848 1335 880 1392 et
893 1352 952 1394 uno
967 1332 1018 1392 die
1040 1329 1082 1394 10
1154 1375 1156 1382 ·

40 1423 80 1483 ad
102 1421 253 1482 Lemnum
273 1418 404 1480 insulam
425 1419 647 1499 pervenissent,
668 1418 749 1498 quod
763 1437 852 1498 posse
873 1418 1019 1479 horinon

41 1506 266 1580 existimabant,
282 1523 351 1565 eum
365 1504 392 1565 is
406 1509 517 1566 uentus
531 1506 569 1566 ab
584 1503 839 1585 septentrionibus
855 1505 955 1566 oriens
965 1503 1017 1566 ad·

40 1612 166 1654 uersum
185 1594 304 1652 teneret
321 1588 452 1652 Athenis
466 1590 735 1671 proficiscentibus.
780 1590 888 1652 Multis
908 1589 1019 1652 deinde

41 1679 128 1740 annis
136 1677 305 1739 interiectis
316 1694 386 1737 cum
399 1676 461 1738 iam
474 1672 679 1738 Chersonesus
690 1674 924 1738 Atheniensium
938 1678 1019 1738 faeta

42 1767 138 1839 esset,
161 1761 316 1824 Milh'ades
338 1781 379 1822 ex
398 1761 562 1838 Elaeunte,
585 1780 663 1842 quae
677 1765 725 1823 est
738 1763 811 1823 urbs
827 1759 1017 1837 Chersonesi,
1041 1757 1082 1825 15

43 1851 170 1910 solvens
195 1848 332 1928 aquilone
352 1846 501 1907 Lemnum
530 1847 724 1910 delatusest
748 1847 975 1929 postulavitque
1000 1867 1019 1910 a

42 1933 190 2007 Lemnis,
204 1936 238 1993 ut
250 1952 397 1994 memores
410 1933 524 1994 ueteris
546 1933 687 2013 promissi
701 1933 831 1995 insulam
845 1934 905 1994 sibi
919 1935 1019 1996 trade

45 2023 128 2094 rent,
143 2037 177 2078 se
191 2019 269 2078 enim
283 2019 404 2080 domum
416 2016 597 2080 Chersonesi
611 2019 730 2081 habere.
765 2016 867 2098 Atque
878 2018 1019 2100 Hephae-

42 2106 177 2166 sticnses
191 2105 310 2184 quidem
323 2103 427 2166 statim
442 2103 580 2168 obsecuti
593 2107 677 2179 sunt3
697 2103 849 2184 Myrinaei
862 2123 946 2178 vero,
968 2101 1020 2182 qui

7 2225 8 2244 ι
40 2196 131 2252 erant
146 2190 230 2250 cives
245 2189 371 2252 alterius
385 2190 470 2251 urbis
484 2189 550 2251 eius
563 2189 695 2264 insulae,
718 2207 787 2250 oum
800 2208 861 2250 non
875 2189 1019 2252 concede·
1040 2183 1083 2250 20

40 2279 123 2352 rent,
152 2273 374 2338 Chersonesum
400 2295 468 2337 esse
487 2275 733 2350 Atheniensium,
761 2275 879 2336 tamdiu
903 2271 1019 2336 obsessi

41 2365 120 2438 sunt,
137 2362 236 2424 donec
249 2363 357 2424 urbem
371 2362 535 2424 traderent.
569 2362 619 2424 Ita
632 2359 834 2424 Athenienses
853 2362 954 2427 insula
966 2381 1019 2442 po·

41 2449 88 2509 titi
104 2451 184 2509 sunt

125 2533 195 2604 Quo
210 2517 347 2614 tempore
357 2531 513 2595 Miltiades
526 2533 558 2594 in
571 2530 759 2596 Chersoneso
772 2533 839 2608 fuit,
854 2533 1017 2596 Persarum
1039 2532 1092 2593 HI

42 2639 97 2680 rex
107 2619 230 2696 Darius,
246 2619 413 2700 Hystaspis
427 2619 518 2694 filius,
533 2639 574 2680 ex
584 2617 660 2680 Asia
673 2619 706 2679 in
717 2617 871 2700 Europam
882 2620 1020 2682 exercitu
1041 2614 1084 2678 25

43 2706 168 2767 traiecto
183 2703 308 2786 Scythis
323 2705 439 2766 bellum
453 2705 566 2766 inferre
579 2705 724 2768 decrerit.
758 2704 887 2767 Pontem
901 2705 974 2766 fecit
987 2705 1020 2766 in

43 2789 147 2854 Histro
162 2791 296 2868 flumine,
312 2809 371 2870 quo
386 2790 487 2870 coplas
501 2790 683 2852 traduceret.
727 2787 804 2850 Eius
817 2791 927 2872 pontis,
948 2791 1020 2850 dum

43 2877 107 2957 ipse
132 2877 268 2950 abesset,
291 2875 431 2937 custodes
452 2876 589 2956 reliquit,
613 2895 688 2956 quos
710 2895 812 2936 secum
832 2895 873 2938 ex
886 2875 975 2936 Ionia
989 2879 1020 2935 et

43 2961 172 3024 Aeolide
186 2967 219 3022 et
232 2961 434 3044 Hellesponto
450 2961 593 3037 duxerat,
618 2962 726 3041 quibus
742 2961 871 3040 singulis
885 2961 1020 3041 ipsarum

42 3049 163 3109 urbium
191 3049 338 3129 perpetua
365 3047 492 3109 dederat
514 3047 650 3127 imperia
703 3045 754 3108 Sic
773 3047 854 3109 enim
873 3046 1020 3108 facillime
1042 3041 1084 3107 30

43 3134 162 3213 putavit
177 3153 211 3194 se
226 3131 346 3194 Graeca
365 3133 473 3212 lingua
486 3132 644 3212 loquentes
665 3133 717 3214 qui
731 3132 838 3196 Asiam
852 3133 1021 3194 incolerent

44 3221 97 3279 suh
115 3237 173 3281 sua
185 3221 377 3280 retenturum
391 3220 551 3300 potestate,
567 3219 595 3279 si
609 3219 715 3280 amieis
730 3219 792 3280 suis
808 3219 920 3301 oppida
933 3221 1019 3280 tuen·

43 3306 82 3366 da
95 3305 285 3378 tradidisset,
301 3305 411 3385 quihus
425 3323 459 3365 se
473 3323 617 3384 oppresso
631 3303 716 3366 nulla
730 3324 799 3386 spes
810 3305 919 3367 salutis
929 3305 1021 3366 relin-

44 3393 195 3470 queretur.
241 3391 280 3452 In
300 3391 358 3452 hoc
376 3389 435 3451 fnit
455 3392 521 3450 tum
550 3409 674 3451 numero
695 3389 865 3466 Miltiades,
892 3390 941 3452 eui
966 3390 1022 3450 illa

44 3477 181 3538 custodia
201 3477 384 3539 crederetur,
428 3475 540 3537 Darius
560 3480 662 3538 autem
683 3475 714 3534 in
734 3479 817 3540 terra
837 3475 1021 3557 Scytharum
1043 3470 1085 3536 35

44 3565 106 3622 tam
119 3563 202 3624 male
215 3582 281 3623 rem
296 3563 400 3643 gessit,
415 3564 450 3622 ut
464 3562 503 3622 de
513 3561 614 3622 reditu
626 3561 787 3640 cogitaret3
803 3560 935 3642 Scythae
946 3577 1020 3622 uero

44 3648 101 3709 iter
121 3647 275 3710 exereitus
295 3649 458 3710 Persarum
483 3650 709 3710 antevertentes
736 3666 806 3708 cum
834 3647 873 3709 ad
898 3650 1022 3728 pontem

46 3733 257 3812 peruenissent
276 3737 307 3795 et
328 3753 346 3794 a
362 3729 488 3796 Graecis
508 3733 709 3814 postularent,
731 3738 767 3795 nt
786 3753 855 3794 eum
870 3733 1021 3796 rescinde-
