2748 4486
380 319 422 422 rr.
447 319 771 424 nnnursrocnns.
1024 363 1065 428 15

80 533 204 594 valeret
226 551 296 594 oum
322 533 417 596 variis
445 533 603 594 sententiis
630 537 814 610 certaretur,
844 534 1063 598 Themistocles

81 618 247 700 persuasit,
263 619 423 679 consilium
439 638 506 680 esse
520 617 682 699 Apollinis,
698 624 733 682 ut
746 620 778 682 in
793 639 887 682 naves
902 641 936 682 se
950 641 1064 702 suaque

82 705 271 777 conferrent3
294 723 364 764 enm
385 704 466 766 enim
487 704 576 766 adeo
597 704 763 783 significari
781 725 902 768 murum
916 707 1061 787 lignenm.

81 789 153 852 Hoc
159 790 287 852 oonsilio
294 791 422 871 probato
429 809 524 852 naves
533 791 750 871 adsuperiores
757 792 880 866 addunt,
896 795 931 853 nt
942 793 1063 854 omnino

79 877 236 938 ducentae
261 879 372 951 essent,
402 895 517 956 suaque
537 877 651 952 omnia,
677 896 755 956 quae
776 878 893 939 moveri
914 882 1062 960 poterant,
1084 876 1106 941 5

78 962 198 1044 partim
213 959 375 1036 Salamina,
396 962 507 1042 partim
527 962 692 1037 Troezena,
713 964 825 1044 partim
839 962 991 1042 Aeginam
1012 962 1063 1026 de·

78 1050 221 1130 portant;
250 1049 425 1126 quaestores
453 1048 575 1123 aerarii,
606 1049 687 1128 qnod
713 1051 746 1109 in
770 1051 883 1130 templo
904 1049 1063 1112 Minervae
1090 1071 1100 1078 ··

81 1137 165 1209 erat,
196 1137 228 1194 et
247 1133 488 1213 pauci·maiores
509 1137 582 1194 natu
602 1135 654 1195 vel
674 1135 810 1196 homines
829 1137 919 1214 egeni
938 1137 971 1198 in
992 1155 1063 1198 arce

79 1226 311 1295 remanserunt,
332 1219 383 1278 rel
403 1225 526 1302 propter
547 1220 593 1280 rei
613 1220 773 1281 familiaris
797 1221 988 1297 tenuitatem,
1011 1223 1062 1282 vel

81 1306 167 1386 quod
188 1305 413 1378 existimarent,
437 1313 543 1366 vetera
570 1305 739 1386 sepimenta
769 1307 849 1366 arcis
870 1307 974 1385 lignea
995 1327 1062 1368 esse
1085 1305 1127 1370 10

80 1409 188 1452 muros
202 1391 280 1464 illos,
297 1409 373 1470 quos
388 1390 501 1470 Pythia
515 1391 638 1452 diceret.
677 1389 720 1452 At
735 1391 859 1454 Xerxes
875 1391 1061 1474 Thermopy-

81 1478 123 1538 lis
139 1477 325 1558 expugnatis
338 1477 474 1555 protinus
489 1478 618 1539 accessit
633 1477 671 1537 ad
682 1481 751 1538 astu
761 1477 852 1559 idque
863 1477 947 1539 nullo
958 1479 1061 1540 delen·

82 1564 177 1623 dente
192 1562 285 1642 oepit;
300 1578 400 1622 arcem
415 1561 583 1623 interfectis
596 1563 648 1640 iis,
669 1564 721 1643 qni
734 1567 943 1626 remanserant
958 1567 989 1624 et
1002 1565 1061 1625 for-

81 1649 157 1710 titer
177 1647 369 1723 restiterant,
392 1647 530 1709 incendio
555 1648 678 1710 delerit
723 1648 792 1719 Quo
813 1650 917 1712 nuntio
937 1659 1060 1731 accepto
1181 1661 1185 1669 “

83 1753 155 1795 cum
170 1733 318 1794 classiarii
338 1751 460 1794 manere
481 1753 541 1795 non
562 1728 709 1796 auderent
723 1741 754 1795 et
767 1736 891 1816 plurimi
905 1737 1061 1798 hortaren-
1085 1733 1126 1797 15

84 1823 154 1893 tur,
180 1821 215 1878 ut
235 1833 336 1898 pugna
361 1819 480 1880 navalis
505 1821 586 1901 apud
606 1821 758 1881 Isthmum
784 1822 865 1882 haud
890 1824 997 1902 procul
1022 1823 1060 1884 ab

87 1902 229 1964 exercitu
241 1904 370 1984 pedestri
385 1903 479 1978 lieret,
495 1905 716 1968 Themistocles
730 1926 808 1968 unus
822 1908 935 1968 restitit
948 1907 1061 1968 docens

89 1990 238 2063 futurum,
259 1993 292 2050 nt
305 1986 416 2052 Graeci
431 1991 645 2066 dilaberentur,
669 1996 700 2052 et
714 1993 873 2054 universos
888 2011 978 2073 pares
993 2013 1061 2053 esse

85 2093 187 2156 posse,
203 2075 353 2156 dispersos
367 2077 527 2155 perituros.

125 2159 165 2222 In
182 2161 304 2222 oonsilio
318 2161 430 2222 ducum
445 2162 508 2223 acri
523 2161 712 2222 contentione
727 2162 779 2222 diu
800 2165 949 2223 certatum
964 2167 1020 2238 est,
1043 2159 1126 2225 ΠΟ

81 2248 181 2309 donee
201 2246 420 2308 Themistocles
438 2247 624 2328 Eurybiadi,
653 2247 723 2308 duci
744 2247 1060 2326 Lacedaemoniorum,

80 2331 136 2414 qui
157 2337 223 2393 tum
242 2351 372 2394 summo
388 2334 515 2414 imperio
543 2339 695 2413 praeerat,
722 2335 887 2415 persuasit,
919 2339 954 2396 ut
980 2335 1061 2416 apud

80 2418 238 2482 Salamina
250 2419 449 2480 decertarent.
494 2417 591 2481 Simul
606 2421 738 2482 nrinatus
752 2429 813 2496 est,
834 2421 893 2482 nisi
911 2420 944 2481 id
963 2420 1060 2498 fieret,

81 2503 286 2566 Athenienses
301 2523 370 2566 oum
385 2504 482 2566 classe
503 2509 663 2567 erecturos
683 2509 714 2566 et
727 2504 819 2567 Sirim
833 2507 865 2568 in
878 2507 972 2568 Italia
985 2507 1060 2588 peti-

80 2599 182 2664 turos,
203 2593 238 2651 ut
250 2590 295 2650 ibi
309 2607 420 2652 noram
440 2592 571 2670 patriam
592 2595 772 2673 quaererent
793 2596 824 2653 at
842 2593 1061 2674 rempublicam
1083 2589 1125 2654 25
1181 2615 1185 2624 ·

80 2675 310 2738 constituerent.
353 2676 421 2739 Hoc
440 2681 523 2738 metu
543 2681 710 2739 commotus
724 2675 917 2759 Eurybiades
937 2697 1061 2740 manere

81 2761 229 2823 decrevit.
275 2759 351 2823 Cum
379 2781 453 2824 varo
481 2762 593 2824 Persae
620 2763 762 2824 adessent
788 2769 819 2826 et
846 2764 1059 2825 innumerabili

79 2848 170 2930 copia
183 2847 309 2908 navium
318 2851 415 2909 totum
425 2867 508 2909 mara
520 2849 688 2929 opplerent,
704 2845 814 2910 Graeci
828 2867 933 2910 rursus
951 2849 1060 2910 animis

79 2933 270 3008 oeciderunt,
294 2941 325 2994 et
348 2933 475 2996 oonsilio
494 2934 598 2995 habito
618 2934 730 2996 iterum
750 2934 867 3015 placuit
879 2953 913 2995 se
927 2933 966 2996 ad
980 2933 1060 2994 Isth·

78 3039 166 3080 mum
184 3018 329 3099 recipere.
374 3019 453 3080 Tum
473 3019 692 3082 Themistocles
711 3025 803 3082 noctu
823 3020 861 3081 de
884 3021 982 3080 servis
997 3019 1059 3080 suis
1081 3015 1124 3081 30

79 3123 172 3184 quem
187 3105 294 3166 habuit
307 3103 526 3182 fidelissimum,
548 3104 712 3182 Sicinnum‚
735 3106 774 3167 ad
788 3123 893 3186 regem
907 3106 1003 3181 misit,
1026 3110 1061 3168 ut

79 3191 110 3252 ei
130 3191 195 3250 suis
216 3191 318 3251 verbis
342 3192 508 3266 nuntiaret,
530 3192 724 3253 aduersarios
736 3193 768 3252 in
783 3192 857 3273 iuga
870 3211 950 3267 esse;
968 3191 1060 3272 quisi

78 3275 303 3350 discessissent,
318 3277 433 3338 maiore
447 3296 515 3339 cunr
530 3276 635 3339 labore
649 3280 680 3339 et
699 3278 910 3358 longinquiore
924 3285 1069 3359 tempore*

77 3362 196 3423 bellum
212 3362 432 3438 confecturum,
457 3381 526 3423 oum
547 3363 685 3442 singulos
705 3365 871 3426 consectari
886 3369 1058 3445 cogeretur3

79 3467 156 3527 qnos
171 3446 200 3507 si
210 3447 315 3508 statim
323 3448 554 3528 aggrederetur,
568 3449 656 3510 brevi
666 3449 824 3511 universos
835 3467 1058 3531 oppressurum.
1080 3444 1123 3510 35

78 3533 149 3596 Hoc
163 3551 201 3594 so
216 3533 348 3609 valebat,
363 3537 399 3594 at
412 3535 542 3612 ingratis
556 3535 596 3595 ed
607 3534 844 3615 depugnandum
855 3551 959 3596 omnes
970 3553 1058 3616 coge·

79 3624 195 3682 rantur.
226 3617 295 3680 Hae
307 3637 343 3680 re
357 3620 461 3682 audita
475 3620 621 3682 barbarus
636 3621 712 3682 nihil
723 3620 787 3682 dcli
798 3620 922 3682 subesse
932 3619 1059 3683 credens

80 3703 227 3787 postridie
253 3705 438 3768 alienissimo
468 3706 526 3768 sibi
556 3706 636 3784 loco,
669 3710 774 3769 eontra
805 3706 1058 3790 opportunissimo
1179 3711 1184 3726 '
