2748 4486
412 329 485 392 Vll
508 329 740 393 LYSANDER.
1028 332 1072 398 43

68 501 364 673 statutt
382 519 1070 670 tlt‘htffllttttfflttt

66 693 204 736 summa
228 671 332 734 virtus
356 672 389 733 iu
414 671 562 754 patientia
586 674 769 756 ponebatur,
804 675 849 737 sio
880 674 1012 737 duritiae
1036 693 1075 738 se¹

68 759 221 835 dedisse,
244 771 281 821 ut
304 758 490 840 parsimonia
512 759 614 821 victus
635 763 727 840 atque
742 760 841 822 cultus
856 779 961 822 omnes
975 759 1069 824 Lace-

24 905 26 934 ¹
68 844 260 909 daemonios
280 844 434 926 vinceret3
453 843 549 906 fuisse
570 845 651 927 apud
672 845 815 921 Thracas,
830 845 969 908 homines
983 847 1069 909 vino·
1090 843 1112 909 5

23 937 25 970 ⁵
68 931 179 994 lentos
189 934 222 992 et
232 928 427 992 libidinosos:
441 930 497 992 hos
512 950 632 1012 quoque
645 931 678 991 iu
692 931 740 992 his
750 931 843 994 rebus
854 932 1068 1006 antecessisse;

22 1051 24 1056 ·
70 1015 206 1078 venisse
228 1015 271 1076 ad
284 1011 411 1090 Persas,
435 1016 518 1098 apud
537 1035 612 1097 quos
632 1034 752 1080 summa
771 1016 839 1079 laus
852 1020 935 1080 esset
948 1017 1072 1082 fortiter

72 1101 200 1176 venari,
221 1099 382 1163 luxuriose
396 1100 519 1163 rivere:
539 1103 648 1165 horum
672 1101 717 1164 sic
736 1102 889 1166 imitatum
909 1108 1068 1168 eonsuetu-

72 1187 200 1263 diuem,
226 1189 263 1248 ut
288 1185 337 1248 illi
361 1185 421 1268 ipsi
444 1205 515 1249 enm
533 1187 566 1248 in
593 1187 641 1249 his
673 1188 807 1250 maxims
835 1189 1067 1252 admirarentur.

72 1272 204 1343 Quibus
217 1271 312 1332 rebus
327 1269 476 1348 effecisse,
499 1275 535 1336 ut
547 1271 629 1355 apud
648 1291 854 1355 quoscumque
868 1283 962 1348 esset,
985 1275 1067 1355 prin·
1091 1274 1134 1338 10

73 1376 152 1440 ceps
167 1359 337 1439 poneretur
350 1357 573 1439 habereturque
586 1358 769 1422 carissimus.

477 1631 682 1644 m

398 1847 493 1932 vn.
520 1848 751 1954 Lysander.

83 2024 250 2102 Lrsssnnn
283 2038 543 2102 Lacedaemonius
578 2039 675 2121 stirpe
710 2038 946 2102 Heraclidarum
982 2041 1106 2102 ortusl

80 2144 229 2206 magnam
245 2125 293 2187 sui
307 2124 432 2206 reliquit
445 2124 557 2187 famam
572 2144 632 2186 non
647 2124 747 2186 solum
760 2124 885 2200 rimata,
907 2123 1069 2188 sedetiam

80 2211 234 2274 felicitate
249 2213 377 2293 partam.
400 2209 491 2274 Hunc
505 2211 677 2294 accepimus
692 2209 893 2274 fortissimum
908 2214 939 2273 et
953 2210 1068 2292 patien-

80 2297 254 2372 tissimum,
278 2296 409 2358 eundem
429 2297 572 2359 omnium
579 2295 825 2358 versutissimum
839 2295 949 2372 inissa
971 2295 1069 2358 multa

79 2383 151 2446 eius
174 2382 352 2463 superbiae,
374 2381 579 2458 crudelitatis,
607 2382 752 2463 perfidiae
774 2382 916 2464 exempla
936 2385 1067 2458 exstant,
1090 2382 1112 2446 5

80 2489 121 2531 ex
135 2469 250 2549 quibus
263 2487 359 2529 unum
373 2469 449 2530 satis
463 2468 522 2529 erit
537 2468 681 2548 proferre.
724 2467 833 2530 Victor
853 2488 894 2530 ex
907 2469 985 2530 Asia
998 2487 1070 2531 cum

79 2555 295 2616 reverteretur
310 2553 503 2634 Thasumque
517 2554 701 2629 divertisset,
717 2573 795 2635 quae
809 2554 911 2616 insula
924 2555 963 2617 ab
973 2552 1069 2616 Athe·

79 2641 244 2702 niensibus
258 2639 412 2702 deiecerat
423 2643 516 2720 atque
529 2639 641 2701 iterum
654 2637 904 2702 Lacedaemoniis
918 2659 952 2701 se
972 2639 1069 2720 appli-

79 2728 221 2800 caverat,
238 2724 331 2799 cives,
347 2723 399 2806 qui
413 2726 505 2786 rebus
519 2723 752 2786 Atheniensium
767 2726 921 2799 faverent,
945 2744 1069 2806 perver-

82 2815 152 2873 tere
166 2810 343 2892 ooncupivit
388 2810 476 2872 Vidit
490 2813 592 2872 autem
608 2809 667 2870 uisi
682 2810 713 2872 in
729 2829 765 2872 eo
779 2809 946 2872 occultaret
960 2810 1068 2870 volun·
1094 2810 1135 2874 10

82 2899 197 2972 tatem,
225 2897 374 2971 futurum,
406 2898 441 2956 ut
466 2895 674 2957 dilaberentur
700 2895 952 2974 consulerentque
977 2893 1068 2955 rebus

83 2983 159 3044 suis.
206 2982 316 3061 Itaque
330 2981 378 3042 his
392 2981 424 3042 in
438 2981 629 3044 sanctissimo
644 2980 788 3042 Herculis
809 2981 880 3042 fano
900 2979 992 3040 fidem
1007 2979 1070 3054 dat,

83 3067 241 3129 nemiuem
256 3085 274 3126 a
289 3087 322 3128 se
336 3066 486 3129 violatum
500 3067 547 3127 iri.
593 3065 740 3138 Quicum
762 3065 828 3128 sine
850 3068 933 3127 metu
959 3065 991 3126 in
1016 3084 1071 3146 pu·

83 3153 166 3216 blico
182 3154 393 3227 versarentur,
409 3163 479 3232 post
493 3170 606 3233 paucos
622 3152 687 3212 dies
703 3151 869 3214 maximam
884 3171 989 3215 eorum
1004 3169 1072 3214 cae·

84 3239 157 3300 dem
172 3236 279 3299 edidit.
316 3237 406 3299 Idem
420 3237 561 3300 dictitare
576 3237 683 3300 solitus
699 3241 754 3313 est,
770 3237 823 3299 ubi
837 3237 927 3320 pellis
948 3237 1072 3300 leonina
1095 3237 1136 3300 15

84 3343 146 3386 nou
173 3323 342 3398 sufficeret,
373 3323 532 3404 vulpinam
558 3323 771 3385 assumendam
796 3342 879 3400 esse,
905 3325 937 3383 et
960 3341 1071 3404 pueros

73 3410 177 3486 -aleis,
209 3409 295 3469 viros
317 3409 512 3471 iureiurando
547 3407 750 3489 decipiendos.
818 3409 857 3468 In
890 3405 1071 3469 commercio

83 3498 190 3558 autem
216 3512 391 3556 sermonum
417 3494 531 3556 salibus
557 3493 669 3556 amaris
697 3494 841 3555 utebatur
865 3495 898 3554 et
923 3491 1073 3554 acerrime

83 3579 300 3662 respondebat.
344 3578 462 3658 Legata
477 3579 706 3658 Megarensium
720 3579 752 3639 iu
774 3577 923 3657 colloquio
943 3577 1071 3639 liberius

82 3663 201 3730 dicenti
223 3663 353 3728 Verba
373 3667 454 3740 tua,
477 3685 494 3727 o
515 3665 622 3740 boue,
645 3663 757 3745 inquit,
785 3662 949 3727 maioris
975 3663 1071 3726 oiri·
1093 3661 1137 3728 20
