2748 4486
391 381 434 441 11.
463 377 787 474 rnnursroonns.
1040 377 1081 442 17

79 552 227 615 trecenti
256 553 384 613 iuvenes
411 549 594 613 nobilissimi
613 569 709 629 usque
737 552 776 612 ad
796 549 872 611 fines
891 552 992 612 terrae
1012 571 1081 633 pro-

79 639 193 700 secuti
209 642 290 700 sunt.
336 634 499 718 Olympiae
513 655 587 699 vero
603 653 672 696 oum
685 636 767 696 ludis
788 636 923 711 adesset,
946 638 1081 699 omnium

77 723 176 785 oculi
190 725 223 784 in
238 743 309 784 eum
323 742 417 784 unum
433 721 572 784 conversi
586 727 682 782 erant.

180 807 317 888 Magnus
337 808 394 870 hoe
415 807 495 870 bello
511 806 732 868 Themistocles
751 806 810 874 fuit
823 825 921 887 neque
934 806 1034 869 minor
1047 807 1080 868 in
1101 811 1167 875 VII

78 913 177 976 pace.
223 894 304 957 Nam
319 897 390 975 post
403 911 539 974 pugnam
553 891 764 954 Plataeensem
780 909 904 972 operam
925 892 1028 966 dedit,
1045 896 1081 955 ut
1101 894 1123 960 5

77 981 167 1042 urbs
179 999 200 1040 a
210 979 372 1041 Mardonia
387 979 489 1040 deleta
503 998 565 1039 non
575 979 673 1040 solum
684 978 904 1055 restitueretur,
921 979 1080 1040 sedetiam

79 1065 256 1144 moenibus
277 1065 465 1144 cingeretur,
487 1084 546 1144 quo
566 1063 687 1125 facilius
710 1063 910 1126 barbarorum
930 1065 1079 1146 impetum

83 1151 276 1225 sustineret;
297 1151 390 1232 idque
410 1151 486 1212 fecit
505 1149 667 1230 praecipuo
682 1169 736 1211 suo
752 1150 896 1231 periculo.
928 1149 1079 1231 -Namque

83 1236 329 1299 Lacedaemonii
343 1255 466 1298 causam
479 1236 619 1297 idoneam
634 1236 716 1296 nacti
737 1239 862 1316 propter
881 1237 1079 1298 barbarorum

82 1321 298 1397 incursiones,
320 1341 380 1402 qua
399 1323 549 1400 negarent
568 1323 707 1401 oportere
727 1324 817 1382 extra
836 1320 1080 1403 Peloponnesum
1103 1325 1144 1388 10

83 1409 191 1469 ullam
206 1410 314 1469 urbem
329 1426 432 1469 muros
447 1408 574 1481 habere,
596 1426 635 1468 ne
650 1409 753 1468 essent
766 1405 834 1468 loca
848 1406 979 1482 munita,
1002 1427 1080 1487 quae

83 1495 196 1555 hostes
205 1492 405 1574 possiderent,
416 1491 619 1554 Athenienses
630 1489 826 1553 aedificantes
835 1491 997 1573 prohibere
1009 1497 1081 1555 sunt

86 1579 209 1653 conati3
224 1579 318 1660 idque
332 1597 401 1639 eum
416 1598 472 1640 sua
483 1582 590 1659 sponte
604 1578 750 1654 fecerunt,
767 1580 833 1639 tum
851 1579 1079 1660 impellentibus

86 1665 230 1726 maxime
252 1664 351 1726 sociis.
397 1663 466 1725 Hoc
484 1665 578 1744 longe
598 1663 658 1725 alio
681 1665 852 1745 spectabat,
874 1674 965 1744 atque
979 1665 1079 1727 rideri

88 1751 250 1811 volebant.
280 1748 485 1811 Athenienses
500 1751 582 1811 enim
596 1750 714 1811 duabus
725 1750 872 1827 victoriis,
886 1749 1080 1812 Marathonia
1102 1751 1143 1816 15

91 1841 127 1895 et
148 1833 329 1911 Salaminia,
350 1837 468 1898 tantam
488 1835 619 1916 gloriam
639 1835 719 1917 apud
740 1854 845 1896 omnes
864 1843 971 1916 gentes
993 1841 1081 1900 erant

95 1919 271 1995 consecuti,
296 1925 330 1980 ut
350 1920 583 1982 Lacedaemonii
608 1921 818 1999 intelligerent
841 1921 879 1981 de
907 1921 1080 2002 principatu

97 2004 159 2066 sibi
176 2022 244 2065 cum
259 2005 304 2066 his
318 2011 472 2068 certamen
485 2007 559 2082 lore,
576 2025 671 2086 quare
684 2025 737 2066 eos
752 2025 842 2085 quam
856 2006 1080 2068 infirmissimos
1189 2037 1190 2040 ¹

93 2109 166 2150 esse
181 2089 331 2153 volebant.
362 2090 529 2172 Postquam
544 2095 647 2153 autem
658 2091 828 2166 audierunt,
843 2110 947 2153 muros
958 2090 1079 2167 instrui,

89 2177 215 2257 legatos
227 2176 365 2239 Athenas
379 2177 537 2253 miserunt,
554 2178 605 2259 qui
621 2177 653 2238 id
667 2177 735 2238 fieri
749 2180 898 2239 vetarent.
922 2176 981 2238 His
992 2195 1079 2258 prae·
1100 2177 1144 2241 20

89 2262 233 2322 sentibus
248 2263 405 2324 desierunt
425 2282 461 2324 ac
476 2283 509 2324 se
524 2264 563 2324 de
577 2282 615 2325 aa
628 2283 662 2324 re
676 2263 797 2342 legatos
812 2263 851 2324 ad
867 2282 919 2324 eos
933 2262 1081 2325 missuros

89 2347 248 2408 dixerunt.
272 2347 362 2410 Hanc
375 2349 560 2430 legationem
575 2349 711 2430 suscepit
722 2349 943 2411 Themistocles
954 2356 986 2410 et
996 2350 1080 2412 solus

87 2433 192 2514 primo
214 2434 369 2514 profectus
391 2439 452 2508 est;
472 2435 583 2515 reliqui
602 2435 698 2516 legati
718 2438 753 2496 nt
772 2438 836 2496 tum
852 2435 986 2511 exirent,
1010 2454 1079 2497 cum

90 2519 169 2580 satis
185 2519 315 2580 altitudo
330 2520 411 2581 muri
422 2524 579 2582 exstructa
591 2521 757 2595 videretur,
773 2522 940 2602 praecepit;
956 2521 1080 2583 interim

90 2623 215 2680 omnes,
238 2605 322 2666 servi
341 2609 432 2686 atque
451 2606 555 2682 liberi,
577 2626 653 2688 opus
675 2607 811 2668 facerent
830 2626 928 2686 neque
941 2606 998 2667 ulli
1012 2608 1080 2670 loco
1101 2608 1145 2672 25

88 2693 268 2772 parcerent,
292 2691 358 2752 sire
378 2689 518 2772 privatus
537 2697 619 2754 esset
632 2692 700 2753 sive
713 2692 867 2773 publicus,
890 2695 923 2754 et
937 2693 1079 2772 undique,

89 2776 172 2856 quod
187 2776 332 2838 idoneum
346 2776 386 2837 ad
400 2778 595 2856 muniendum
611 2781 762 2858 putarent,
779 2782 987 2858 congererent.

185 2861 407 2923 Themistocles
421 2866 525 2925 autem
546 2867 581 2925 ut
595 2863 853 2926 Lacedaemonem
871 2862 971 2938 venit,
994 2862 1167 2930 adireVIII
1274 2845 1276 2851 Ι

91 2947 362 3025 ad'magistratum
376 2948 475 3009 noluit
489 2952 520 3011 et
540 2949 626 3010 dedit
648 2968 786 3029 operam,
810 2951 949 3027 utquam
964 2948 1079 3027 longis-

88 3033 170 3094 sime
198 3038 321 3113 tempus
352 3033 478 3095 duceret
508 3052 632 3095 causam
658 3035 852 3116 interponens
884 3052 917 3093 se
944 3034 1079 3115 collegas
1101 3035 1144 3102 30

90 3120 282 3198 exspectare.
327 3117 370 3179 Et
385 3118 470 3180 initio
486 3119 609 3200 quidem
624 3118 856 3182 Lacedaemonii
870 3118 947 3180 nihil
962 3120 1078 3184 fraudis

90 3204 219 3264 subesse
234 3203 501 3278 existimaverunt;
527 3224 596 3266 cnm
609 3224 684 3267 roro
699 3205 830 3268 Athenis
844 3205 1010 3284 venissent,
1027 3209 1079 3288 qui

90 3308 169 3371 opus
184 3308 246 3351 non
261 3289 362 3351 emitti
377 3291 431 3351 sed
446 3291 592 3353 maturari
615 3290 766 3367 dicerent,
790 3311 859 3352 eum
874 3290 1079 3354 Themistocle

89 3375 125 3435 id
145 3375 247 3454 questi
267 3379 340 3436 sunt
360 3376 497 3437 dicentes
517 3376 654 3437 illumin
675 3397 712 3438 ea
730 3397 765 3439 re
788 3397 822 3438 se
841 3376 950 3438 fallere
965 3379 1076 3439 conari.

91 3459 173 3522 Tum
194 3461 245 3522 hic
265 3478 318 3522 eos
338 3461 477 3523 hortatus
499 3466 559 3540 est,
589 3482 628 3523 ne
647 3463 773 3524 incertis
794 3463 966 3523 rumoribus
986 3463 1076 3524 fidem
1100 3461 1145 3528 35

91 3545 255 3620 haberent;
285 3546 408 3628 publice
436 3551 536 3610 certos
564 3547 701 3610 homines
730 3549 901 3619 mitterent,
932 3547 984 3628 qui
1012 3567 1078 3611 rem

92 3630 1079 3717 cognoscerent.Gestuseiestmos3ephori,penesquossummum

93 3723 159 3780 erat
172 3717 345 3799 imperium,
360 3718 479 3798 legatos
492 3717 631 3782 Athenas
645 3721 795 3782 miserunt
808 3718 946 3780 homines
960 3721 1077 3783 nobiles

144 3834 248 3876 camellus
261 3839 334 3886 depos.
904 3829 919 3874 2
