2748 4486
308 322 351 386 62
642 321 684 382 X.
708 319 951 384 AGESILAUS.

308 514 367 576 que
382 494 549 556 sinemuro
564 493 718 575 oppidum,
733 494 826 555 talem
841 494 1056 573 imperatorem
1078 513 1113 555 se
1126 493 1300 574 praestitit,

308 583 342 643 ut
362 599 397 642 eo
419 582 557 660 tempore
572 579 710 641 omnibus
724 585 900 660 appareret,
922 579 983 642 nisi
996 579 1051 640 ille
1065 579 1183 656 suisset,
1200 577 1299 660 Spar-

308 671 370 728 tam
385 667 518 727 futuram
533 685 594 728 non
608 665 710 726 fuisse.
749 667 787 726 In
802 685 861 745 quo
877 665 1053 727 discrimine
1068 665 1211 726 celeritas
1226 665 1298 726 eius

307 752 427 814 consilii
448 752 540 812 saluti
559 750 619 812 fuit
640 751 806 812 universis.¹
845 750 926 812 Nam
947 770 1016 811 cum
1038 751 1162 831 quidam
1186 752 1297 813 adole-

261 833 284 897 5
306 837 437 899 scentuli
457 836 590 898 hostium
611 837 746 897 adventu
766 837 921 918 perterriti
946 837 986 900 ad
1005 837 1166 898 Thebanos
1191 840 1299 898 trans-

305 924 413 1004 fugere
432 923 548 983 vellant
570 925 602 983 et
625 923 724 982 locum
747 925 837 984 extra
856 924 963 984 urbem
986 922 1102 983 editum
1125 922 1295 1003 cepissent,

306 1007 485 1088 Agesilaus,
508 1005 559 1088 qui
581 1008 871 1088 perniciosissimum
885 1009 950 1070 fore
965 1008 1095 1082 videret,
1111 1009 1138 1069 si
1153 1008 1297 1070 animad-

306 1111 430 1154 versum
452 1101 533 1156 esset
556 1113 739 1173 quemquam
765 1095 804 1154 ad
828 1096 930 1154 hostes
956 1095 1150 1172 transfugere
1174 1096 1295 1171 conari,

308 1199 376 1240 cum
399 1199 488 1240 servo
509 1199 568 1242 uno
589 1180 715 1240 inermis
739 1179 779 1240 ad
801 1199 852 1242 eos
875 1180 961 1241 venit
988 1180 1085 1259 iisque
1107 1181 1296 1242 acclamavit

244 1261 286 1326 10
307 1265 377 1326 illos
391 1265 553 1347 imperium
569 1284 657 1326 suum
671 1285 731 1326 non
745 1266 820 1326 satis
831 1265 1035 1339 intellexisse;
1052 1265 1083 1326 in
1098 1265 1174 1328 duas
1184 1269 1296 1347 partes

308 1352 500 1412 discederent
529 1351 732 1430 bipartitoque
764 1351 825 1413 alia
855 1352 923 1414 loca
948 1355 1138 1433 occuparent.
1184 1351 1295 1431 Atque

307 1455 376 1497 cum
387 1437 525 1498 homines
539 1437 712 1518 paruissent
726 1456 822 1516 eoque
836 1437 990 1514 libentius,
1005 1437 1086 1516 quod
1100 1437 1197 1498 latere
1208 1439 1294 1498 arbi-

307 1522 473 1597 trabantur,
497 1541 573 1601 quae
597 1523 823 1602 cogitaverant,
847 1523 934 1584 illum
950 1523 1058 1584 collem
1074 1541 1130 1604 per
1145 1523 1221 1584 alios
1237 1525 1293 1584 ob·

307 1607 398 1690 tineri
413 1607 503 1668 iussit
508 1631 516 1681 ;
540 1607 591 1687 qui
611 1627 685 1669 vero
701 1609 854 1690 principes
870 1609 987 1671 consilii
1002 1610 1137 1684 fucrant,
1161 1629 1294 1671 numero

242 1685 284 1750 15
307 1693 492 1773 quindecim,
521 1697 614 1755 noctu
636 1695 868 1774 comprehensos
895 1695 1045 1778 supplicio
1073 1694 1183 1756 affecit.
1228 1693 1294 1756 Sed

308 1779 368 1839 alia
383 1779 548 1841 coniuratio
563 1780 659 1841 multo
675 1781 771 1841 maior
786 1783 817 1840 et
827 1781 952 1861 gravior
963 1777 1118 1842 hominum
1130 1800 1180 1841 res
1192 1799 1293 1843 novas

306 1865 494 1926 molientium
516 1865 622 1927 eodem
642 1872 778 1946 tempore
798 1886 853 1946 per
879 1867 1026 1928 indicium
1052 1867 1209 1928 enuntiata
1231 1871 1291 1928 est.

304 1949 350 2010 De
371 1950 480 2031 quibus
508 1971 607 2032 neque
632 1951 779 2011 iudicium
805 1952 927 2028 haberi,
953 1972 1052 2032 neque
1077 1971 1141 2013 rem
1169 1953 1293 2031 negligi

305 2039 426 2118 tempus
451 2056 595 2117 praesens
621 2037 802 2116 patiebatur.
847 2037 1013 2116 Agesilaus
1039 2037 1134 2119 igitur
1158 2039 1292 2100 consilio

240 2113 283 2180 20
306 2141 376 2183 cum
390 2122 511 2204 ephoris
527 2123 746 2184 communicato
763 2143 814 2185 eos
829 2142 933 2184 omnes
955 2124 1070 2185 indicta
1090 2141 1177 2186 causa
1191 2122 1291 2183 inter-

305 2207 392 2284 fecit,
413 2207 493 2288 quod
513 2209 604 2268 antea
618 2205 746 2288 Spartae
760 2229 925 2287 numquam
939 2210 1052 2271 factum
1067 2213 1141 2272 erat.
1184 2207 1292 2272 Paulo

304 2298 374 2372 post
388 2293 525 2354 Thebani
540 2312 557 2352 e
572 2293 683 2354 finibus
698 2291 849 2356 Laconiae
864 2299 1069 2357 excesserunt.

250 2457 284 2518 X
391 2460 464 2524 Sine
485 2464 576 2524 dubio
597 2469 666 2545 post
685 2463 876 2528 Leuctricam
896 2485 1031 2548 pugnam
1053 2465 1290 2528 Lacedaemonii

306 2567 339 2608 sc
352 2568 517 2629 numquam
529 2552 701 2612 refecerunt
711 2571 809 2632 neque
818 2552 979 2632 pristinum
991 2552 1153 2633 imperium
1164 2571 1291 2633 recupe-
1345 2577 1346 2626 q

240 2625 283 2690 25
304 2637 420 2711 rerunt,
437 2653 505 2696 cum
517 2635 639 2698 interim
650 2636 814 2716 Agesilaus
835 2657 895 2699 non
906 2638 1032 2713 destitit
1048 2637 1292 2718 quibuscumque

304 2721 396 2781 rebus
418 2726 523 2801 posset
542 2724 673 2803 patriam
693 2724 808 2785 iuvare.
853 2722 914 2785 Sed
934 2726 1035 2784 aetate
1054 2724 1116 2784 iam
1132 2725 1292 2786 conlectus

304 2807 474 2884 videbatur,
489 2810 524 2868 ut
538 2810 594 2870 vix
608 2809 727 2870 labores
742 2809 869 2872 militiae
884 2809 1030 2871 sufferret.
1063 2809 1168 2870 Nihilo
1184 2814 1290 2872 tamen

304 2893 402 2953 secius
419 2913 488 2955 cum
498 2893 727 2975 Epaminondas
743 2899 884 2974 quartum
900 2896 931 2956 in
947 2897 1022 2956 fines
1037 2898 1139 2956 terrae
1150 2896 1291 2957 incurre-

302 2984 358 3053 ret,
375 2980 544 3040 exercitum
558 2980 746 3043 Mantineam
761 3001 870 3042 versus
885 2982 983 3058 duxit,
1000 2981 1085 3042 euius
1101 2981 1186 3042 urbis
1204 2982 1291 3042 cives

237 3053 280 3118 30
303 3083 322 3125 a
335 3064 584 3127 Lacedaemoniis
599 3067 748 3127 auxilinm
764 3067 944 3147 petiverant.
975 3065 1204 3148 Epaminondas
1219 3087 1291 3128 cum

303 3149 334 3209 id
359 3151 566 3228 cognovisset,
592 3153 697 3212 statim
723 3157 823 3213 eastra
847 3154 957 3228 movit,
991 3158 1026 3214 ut
1050 3151 1192 3233 Spartam
1219 3174 1291 3234 pro·

303 3236 524 3316 pugnatoribus
547 3237 731 3300 denudatam
756 3239 794 3299 de
814 3238 980 3319 improviso
1003 3242 1132 3320 caperet.
1179 3239 1219 3300 Id
1235 3239 1290 3300 ubi

302 3320 449 3402 Agesilao
471 3323 643 3384 nuntiatum
665 3328 725 3399 est,
750 3324 878 3384 celerius
901 3344 992 3404 quam
1014 3330 1099 3386 aetas
1121 3324 1186 3404 pati
1201 3326 1289 3386 vide-

303 3408 407 3484 batur,
430 3403 505 3469 illuc
520 3409 672 3471 convertit
686 3415 718 3470 et
732 3409 934 3472 audacissimo
949 3412 1065 3490 impetu
1081 3412 1162 3472 sacto
1177 3412 1289 3472 urbem

238 3486 282 3551 35
303 3497 457 3574 tamquam
486 3515 504 3555 e
532 3496 672 3557 manibus
700 3495 928 3576 Epaminondae
959 3497 1086 3578 eripuit3
1116 3517 1175 3576 quo
1205 3497 1288 3559 facto

304 3579 440 3641 Thebani
455 3581 570 3661 repulsi
592 3601 698 3642 rursus
719 3583 759 3642 ad
774 3580 961 3645 Mantineam
980 3586 1186 3659 recesserunt,
1211 3602 1288 3663 quos

305 3665 409 3726 statim
435 3666 591 3727 insecutus
612 3665 777 3748 Agesilaus
803 3674 1047 3749 aggressusest.
1099 3667 1146 3730 Eo
1166 3669 1291 3750 proelio
