2748 4486
339 339 380 404 18
628 343 672 406 Π,
700 340 1025 406 susumuoeuus.

337 515 370 576 st
390 511 450 576 fids
471 512 592 593 dignos.
640 511 685 578 At
704 513 924 578 Themistocles
950 515 1056 580 eodem
1082 517 1222 596 tompore
1243 517 1342 582 olan*

336 598 422 666 uait
435 597 581 674 Athenas,
597 599 650 678 qui
664 599 784 679 legatos
798 597 1021 680 Spartiatarum
1035 601 1163 665 retineri
1179 601 1316 671 iuberent

337 701 435 763 neque
449 685 533 764 prius
548 685 670 761 dimitti,
692 703 783 764 quam
797 685 864 766 ipse
879 685 1018 749 redisset
1063 685 1194 748 Interim
1208 688 1314 766 reliqui

337 769 432 850 legati
446 771 517 832 sunt
531 770 694 834 consecuti..
737 770 767 832 A
781 770 890 850 quibus
905 789 974 834 cum
989 771 1137 846 audisset,
1159 791 1222 840 nou
1243 773 1315 832 mul-

293 855 315 918 5
337 857 403 920 tin
417 873 577 936 superasse
591 855 776 930 munitionis,
792 855 869 920 adiit
896 855 1006 920 deinde
1029 857 1200 924 macram
1228 856 1315 926 Laso-

337 939 565 1008 daemonmrum
578 945 611 1002 ot
624 941 705 1022 apud
719 961 788 1002 eam
802 940 958 1005 liberrime
977 943 1133 1021 prodesses
1147 944 1203 1017 eet,
1225 941 1313 1011 Atha

337 1026 460 1091 mneos
479 1045 535 1088 suo
554 1027 694 1102 coasilio,
718 1027 799 1106 quod
819 1027 886 1090 iure
908 1028 1048 1106 gentium
1069 1028 1171 1095 iacere
1185 1031 1312 1108 possent,
1342 1033 1343 1098 l

337 1112 411 1176 daos
426 1108 575 1176 Graeciae
589 1130 766 1176 maranes
781 1129 910 1191 suosque
930 1113 1047 1192 patrios
1060 1131 1097 1182 aa
1117 1117 1245 1192 passas
1260 1133 1312 1193 quo
1342 1111 1343 1146 ³

336 1197 457 1264 facilius
472 1200 511 1261 ab
526 1198 614 1260 hoste
627 1204 752 1278 possem
766 1198 943 1274 defendere,
965 1197 1060 1264 muris
1075 1199 1208 1277 scpshss
1221 1219 1314 1278 aeque
1342 1243 1343 1250 κ

274 1281 316 1347 10
337 1282 369 1344 in
384 1301 429 1358 ao,
445 1285 526 1363 quod
540 1283 650 1348 inutile
663 1288 746 1348 esset
761 1280 922 1357 Graeciae,
944 1283 1061 1347 fecisse.
1106 1282 1188 1351 Nam
1208 1284 1255 1352 ita
1269 1285 1314 1350 de

336 1388 422 1430 mum
445 1369 699 1450 aequepotentia
720 1366 855 1432 Graecos
876 1369 957 1432 inter
985 1389 1018 1430 se
1047 1368 1196 1434 contiuan
1222 1389 1315 1449 neque
1342 1445 1343 1448 Ἴ

338 1453 428 1514 aliter
444 1474 477 1516 se
500 1455 665 1535 quidquam
684 1455 820 1516 salutare
838 1454 870 1516 in
890 1454 1026 1519 medium
1047 1455 1206 1518 consulare
1221 1475 1314 1536 posse.

337 1537 401 1598 Aut
415 1539 510 1618 igitur
526 1559 629 1602 omnes
641 1541 732 1602 urbes
743 1541 893 1602 sociorum
905 1540 971 1602 siue
982 1540 1077 1604 muris
1089 1559 1157 1604 essa
1169 1545 1313 1621 oportere,

337 1631 390 1687 aut
410 1624 485 1703 ipsis
506 1625 643 1699 concedi,
667 1629 703 1686 ut
722 1644 808 1688 susm
831 1626 938 1688 urbem
954 1623 1153 1704 munirent*).
1200 1625 1315 1698 Quas

274 1708 315 1772 15
336 1709 449 1773 auditis
463 1710 695 1774 lacedaemonii
715 1730 776 1774 nou
797 1721 936 1790 apertum
958 1711 1081 1790 quidem
1101 1710 1206 1774 odium
1221 1715 1314 1778 osteu-

338 1794 455 1869 derunt,
479 1801 614 1858 attamen
629 1797 709 1858 olam
723 1795 960 1859 Atheniensibus
982 1797 1217 1872 succensebant,
1241 1797 1314 1878 quod
1343 1799 1344 1842 l

337 1899 371 1940 se
389 1881 494 1942 invitis
516 1882 548 1944 id
571 1882 650 1961 quod
674 1881 837 1942 voluerant
857 1882 1064 1962 perfecissent.
1109 1881 1151 1943 Et
1166 1883 1315 1962 utrimque

337 1966 434 2045 legati
449 1967 572 2030 domum
586 1967 707 2030 remissi
722 1972 801 2029 sunt.
828 1965 924 2029 Paulo
939 1971 1008 2048 post
1023 1967 1243 2033 Themistocles
1258 1969 1314 2034 alia

336 2053 453 2118 ratione
474 2053 551 2116 hene
573 2053 611 2116 de
632 2053 790 2133 republica
804 2053 923 2117 meruit.
969 2049 1047 2116 Cum
1061 2054 1143 2116 enim
1157 2052 1314 2119 Phalerico

272 2138 315 2202 20
337 2143 427 2218 portu
447 2158 545 2218 neque
564 2159 675 2218 magno
703 2157 802 2217 neque
821 2139 899 2202 bono
920 2137 1124 2204 Athenienses
1149 2141 1308 2210 uterentur,

336 2224 426 2284 huius
437 2225 563 2286 consilio
574 2225 689 2304 triplex
699 2222 819 2286 Piraeai
831 2226 945 2303 portus,
962 2225 1122 2303 quemiam
1133 2227 1228 2299 anisa,
1243 2240 1310 2284 cum

337 2309 450 2372 archon
466 2313 555 2384 esset,
572 2309 777 2384 inchoaverat
793 2308 976 2370 constitutus
997 2312 1045 2373 est
1058 2309 1145 2389 isque
1159 2309 1312 2374 moenibus

217 2469 220 2476 Δ
337 2392 555 2470 circumdatus,
594 2397 629 2454 ut
655 2395 754 2474 ipsam
779 2394 886 2456 urbem
912 2394 1065 2474 dignitate
1094 2394 1311 2477 aequipararat,

335 2478 468 2540 utilitate
482 2482 648 2560 superaret.
1344 2499 1345 2550 r

271 2563 314 2634 25
336 2562 388 2624 IX
424 2563 538 2628 Tamen
553 2585 614 2626 non
628 2563 737 2642 effugit
750 2564 898 2628 invidiam
918 2564 1033 2628 civium
1047 2585 1180 2628 suorum.
1224 2564 1311 2630 Nam-

337 2669 394 2728 que
416 2651 606 2714 obeundam
628 2652 780 2726 timorem,
804 2671 863 2730 quo
877 2650 1034 2716 Miltiades
1056 2651 1219 2720 damnatus
1242 2655 1310 2724 erat,

336 2736 516 2801 testularum
537 2736 689 2816 suffragiis
711 2756 728 2796 e
750 2736 875 2802 civitate
896 2736 1010 2800 eiectus
1025 2733 1128 2816 Argos
1147 2737 1310 2803 habitatum

337 2823 494 2886 concessit.
539 2822 599 2884 Hie
614 2843 683 2886 oum
697 2824 821 2903 propter
836 2823 949 2886 multas
963 2822 1092 2888 virtutae
1113 2841 1183 2886 suas
1204 2839 1312 2902 magna

336 2927 405 2970 cum
431 2909 581 2987 dignitate
605 2911 741 2983 viveret,
773 2907 1006 2972 Lacedaemonii
1030 2907 1148 2988 legatos
1179 2905 1312 2974 Athenas

272 2991 315 3057 30
337 2994 494 3070 miserunt,
511 2996 647 3074 quicum
663 2998 849 3068 accusarent,
864 2993 944 3073 quod
959 2991 1136 3060 societatem
1157 3013 1227 3056 cum
1241 3012 1311 3071 roge

336 3076 502 3145 Persarum
518 3081 556 3142 ad
572 3077 734 3142 Graeciam
749 3079 977 3160 opprimendam
1000 3079 1131 3143 fecisset.
1175 3077 1313 3150 Homeri-

336 3164 419 3224 mine
433 3165 542 3226 absens
557 3165 737 3245 proditionis
752 3165 913 3231 damnatus
934 3169 994 3239 est,
1017 3183 1088 3231 cum
1108 3166 1183 3244 fuga
1204 3186 1240 3232 se
1264 3165 1315 3234 ati·

336 3250 463 3329 puisset,
479 3269 517 3312 ne
533 3269 656 3314 causam
671 3251 795 3314 diceret.
839 3251 921 3316 Nam
936 3269 1005 3312 oum
1018 3251 1198 3329 audivisset,
1220 3253 1317 3321 Athe

335 3335 456 3398 cieuses
471 3337 607 3403 hominos
631 3338 765 3411 misisse,
789 3336 841 3416 qui
861 3355 897 3398 sc
912 3336 1205 3417 comprehenderant
1217 3343 1253 3404 et

404 3561 429 3622 *l
454 3562 485 3614 In
509 3561 603 3614 diesem
625 3561 704 3614 Sinis
725 3559 821 3626 spricht
844 3558 1026 3615 Themistokles
1049 3559 1117 3613 beim
1136 3559 1278 3626 lhncydid
1316 3575 1320 3610 ι

335 3645 387 3682 was
404 3631 488 3698 Nepos
505 3631 551 3684 ihu
569 3646 647 3703 aspen
664 3630 738 3692 least,
762 3628 795 3679 ist
812 3628 877 3680 nach
894 3629 1054 3696 Nipperdeys
1070 3629 1191 3694 richtiger
1208 3629 1292 3683 Reme
1315 3653 1321 3664 ·

245 3753 248 3759 Δ
334 3699 404 3764 hung
421 3715 479 3752 zum
496 3699 570 3752 Theil
588 3697 741 3765 uupassend.
