2748 4486
412 345 437 405 L
460 343 698 408 MILTIADES.
1026 347 1046 409 3

67 517 149 593 viro,
173 535 312 579 sororem
331 535 508 596 germanam
529 515 641 578 habere
660 516 693 576 in
707 517 914 595 matrimonio,
936 519 1048 602 quippe

67 623 138 664 cum
159 602 245 664 cives
267 603 332 663 eius
352 603 460 664 eodem
481 605 638 667 uterentur
657 603 778 664 institnit
731 606 810 666 tuto·
833 607 865 666 at
878 604 911 665 id
925 605 1048 684 quidem

66 689 182 752 nostris
196 688 333 750 moribus
347 687 432 749 nefas
446 688 537 750 hebet
523 691 580 750 t.ur
624 687 745 750 Laudi
736 709 769 750 111
783 686 914 754 Graecia
927 691 1012 752 ducit
998 695 1049 753 tur

66 775 307 837 adolescentulis
329 793 419 861 quam
433 773 580 856 plurimos
594 773 736 836 habuisse
750 778 832 838 amat
833 795 910 840 ores.
952 765 1047 838 Nulla

26 887 27 890 ¹
64 859 292 923 Lacedaemoni
311 855 405 921 vidua
419 863 481 923 tam
496 865 543 920 ast
557 859 676 937 nobilis,
697 880 774 940 quas
795 881 855 924 non
871 863 910 924 ad
924 881 1047 924 scenam
1068 859 1089 924 5

66 953 114 1008 eat
101 947 275 1008 tmercede
289 945 444 1006 conducta
487 945 641 1022 Magnis
632 965 664 1006 ιι
678 947 820 1008 laudibus
834 951 898 1009 tota
910 949 975 1009 fere
988 948 1047 1009 fuit

67 1031 277 1094 Graecia't
211 1037 277 1092 vict
277 1051 361 1092 orem
372 1028 534 1112 Olympiae
549 1031 674 1093 citari:
665 1053 698 1092 ur
708 1052 829 1094 scenam
838 1053 912 1095 vero
924 1034 1048 1116 prodire

66 1139 102 1179 ac
115 1119 234 1200 populo
249 1137 317 1178 esse
332 1117 506 1198 spectaculo
528 1117 640 1178 nemini
654 1117 687 1180 in
701 1118 815 1178 eisdem
830 1120 1046 1198 gentibust
988 1121 1046 1181 suit

66 1203 267 1302 turpitudini
282 1222 359 1283 quae
374 1203 475 1264 omnia
495 1204 575 1284 apud
589 1223 645 1264 nos
659 1204 769 1284 partim
784 1205 916 1280 infamia,
933 1206 1046 1286 partim

66 1288 197 1352 humilia
211 1292 302 1370 atque
318 1289 356 1350 ab
370 1288 528 1351 honestate
542 1291 658 1351 remota
677 1293 837 1369 ponuntur.
883 1287 996 1368 Contra
1010 1292 1086 1354 eal
1071 1290 1112 1354 10

66 1378 215 1474 pleraque
234 1375 350 1436 nostris
369 1375 504 1435 moribus
527 1378 599 1436 sunt
625 1375 747 1450 decora,
776 1394 854 1456 quae
874 1376 955 1456 apud
976 1375 1046 1437 illos

67 1463 174 1543 turpia
187 1464 340 1542 putantur.
381 1459 480 1530 Quem
495 1460 576 1522 enim
590 1459 797 1522 Romanorum
812 1462 906 1542 pudet
918 1481 1047 1524 uxorem

69 1549 202 1609 ducere
192 1568 224 1608 ιι
237 1545 435 1611 convivium?
446 1549 498 1607 aut
509 1547 594 1607 cuius
606 1567 666 1608 non
676 1548 904 1610 materfamilias
915 1549 1047 1630 primum

68 1635 170 1695 locum
185 1637 270 1694 tenet
284 1632 405 1694 aedium
419 1635 509 1712 atque
523 1633 554 1692 in
570 1632 745 1696 celebritate
758 1635 920 1694 versatur?
957 1633 1047 1704 Quod

69 1721 167 1780 multo
181 1719 217 1782 fit
230 1719 319 1780 aliter
332 1714 516 1780 in'Graecia.
554 1717 633 1780 Nam
648 1739 745 1800 neque
760 1719 792 1779 in
807 1720 980 1781 convivium
995 1721 1046 1782 ad·
1071 1719 1110 1784 15

70 1806 205 1878 hibetur,
219 1805 279 1864 nisi
292 1803 537 1885 propinquorum,
552 1824 650 1884 neque
665 1805 765 1878 sedet,
781 1803 840 1866 nisi
855 1805 887 1866 in
901 1806 1046 1867 interiore

71 1893 163 1971 parte
183 1887 315 1965 aedium,
338 1909 414 1970 quae
436 1891 647 1970 gynaeconitis
666 1891 854 1973 appellatur,
876 1911 934 1970 quo
957 1911 1044 1953 nemo

73 1974 209 2050 accedit,
227 1975 285 2036 nisi
305 1975 472 2056 propinqua
492 1975 671 2053 cognatione
691 1976 877 2036 coniunctus.
922 1973 983 2036 Sed
996 1977 1046 2036 hio

73 2062 162 2142 plura
183 2061 322 2141 persequi
343 2081 412 2122 cum
432 2060 608 2140 magnitudo
631 2061 796 2122 voluminis
811 2061 965 2141 prohibet,
981 2065 1046 2121 tum

67 2146 239 2209 Festinatio
254 2151 288 2208 ut
301 2166 337 2210 ea
352 2147 516 2227 explicem,
536 2164 614 2227 quae
629 2165 755 2207 exorsus
770 2165 844 2207 sum.
890 2145 993 2216 Quare
1007 2147 1046 2207 ad
1068 2145 1110 2212 20
1214 2207 1216 2213 .

68 2233 257 2314 propositum
277 2232 435 2293 veniemus
456 2236 486 2293 et
505 2233 537 2292 in
556 2232 613 2293 hoc
627 2251 813 2314 exponemus
833 2231 911 2293 libro
927 2233 965 2294 de
979 2233 1044 2294 vita

68 2319 286 2380 excellentium
299 2319 523 2400 imperatorum.

136 2523 341 2588 Bemerhungen.
376 2523 433 2574 Non
459 2521 546 2574 dubito
573 2521 628 2575 iore
653 2523 802 2590 p;leroaqne
839 2524 880 2576 die
909 2524 1046 2576 hlassische

70 2593 181 2660 Sprache
204 2592 314 2644 sordent:
340 2605 392 2642 non
411 2589 512 2651 dubito
539 2592 602 2658 quin
621 2593 757 2658 plurimi
780 2563 860 2644 fdturi
890 2595 947 2645 sint.
985 2593 1046 2646 Gra-

69 2664 161 2722 iorum
189 2655 375 2712 alterthuririich
400 2659 454 2712 und
482 2630 634 2715 dichterisoh
667 2659 709 2712 fur
738 2661 897 2714 Graecorum.
934 2661 1045 2729 Cimoni;

70 2732 115 2782 das
133 2701 263 2782 deuouere
286 2728 419 2780 danuber
412 2744 439 2779 ιιι
462 2743 566 2780 unserer
583 2729 754 2796 Bearbeitung
772 2731 818 2782 des
835 2729 932 2783 (limen.
967 2731 1047 2782 Lace-

70 2799 193 2860 daemoni,
211 2799 335 2850 localitas
351 2795 393 2849 fflr
408 2797 606 2849 Lacedaemone.
641 2813 757 2858 socnam,
775 2798 879 2850 Andere
902 2799 970 2851 lesen
990 2814 1046 2850 coe-

71 2883 140 2928 nam,
165 2883 218 2920 aas
246 2867 339 2918 hainen
363 2867 425 2920 Sinn
451 2866 512 2932 gibt
553 2867 699 2932 magnitudo
720 2839 867 2928 voluminis,
890 2883 910 2918 s.
939 2867 1048 2918 danaber
1103 2925 1104 2928 Ἰ

72 2935 118 2988 deu
133 2907 230 2988 hurzen
246 2935 359 2986 Baricht

458 3125 661 3134 —-—--—-—-——

385 3451 389 3458 Ι
413 3327 447 3409 Ι.
474 3327 705 3410 lllltlodes.

70 3501 261 3594 Mmmnnns,
301 3513 436 3578 Cimonis
474 3516 569 3593 filius,
610 3511 811 3578 Atheniensis
849 3517 950 3598 gentis
990 3515 1086 3582 fuitl

70 3602 286 3680 nobilissimae,
301 3621 380 3682 quae
388 3622 429 3662 ex
440 3601 560 3684 Aegina
572 3602 675 3665 insula
688 3603 824 3679 oriunda,
840 3607 946 3684 postea
959 3601 992 3664 in
1006 3603 1047 3664 oi·

69 3689 197 3752 vitatem
212 3687 443 3752 Atheniensium
458 3693 581 3770 recepta
601 3692 681 3766 erat,
704 3688 788 3750 ouius
809 3695 914 3752 auctor
927 3688 1047 3752 Aeacus

861 3790 892 3844 1*
