2720 4482
489 339 673 405 ATTICUS.
974 381 975 386 κ
1007 339 1070 405 137

80 515 149 576 sed
171 514 264 576 etiam
284 531 352 574 cum
373 514 454 576 esset
468 513 500 573 in
514 515 589 574 urbe
603 515 634 574 et
648 515 772 594 propter
786 511 921 574 infinitas
936 533 1006 574 suas
1021 533 1070 576 oc-

83 600 269 682 cupationes
294 599 395 659 minus
420 617 511 680 saepe
536 619 626 678 quam
654 599 749 660 vellet
773 597 876 659 Attico
909 599 1068 675 frueretur,

84 687 196 748 nullus
210 685 276 746 dies
290 686 404 746 temere
417 684 602 760 intercessit,
627 704 685 766 quo
700 704 762 746 non
776 679 815 745 ad
829 703 899 744 eum
914 685 1069 762 scriberet,

85 790 165 832 cum
186 771 275 833 modo
297 770 411 850 aliquid
433 771 470 831 de
484 770 663 850 antiquitate
678 771 715 832 ab
730 789 765 832 eo
779 770 956 848 requireret,
979 770 1069 832 modo

85 857 228 936 aliquam
248 857 456 936 quaestionem
477 856 627 936 poeticam
643 857 677 916 ei
698 860 894 937 proponeret,
916 855 1070 917 interdum
1090 855 1116 919 5

84 943 196 1004 iocans
215 942 280 1003 eius
294 942 484 1003 verbosiores
506 941 629 1002 eliceret
643 942 800 1022 epistolas:
821 961 861 1002 ex
875 961 934 1021 quo
949 942 1069 1018 accidit,

87 1047 164 1090 cum
175 1027 350 1089 aedisIovis
358 1026 497 1101 Feretrii,
508 1027 541 1086 iu
549 1023 698 1107 Capitolio
709 1027 885 1089 abRomulo
896 1028 1068 1104 constituta,

86 1115 247 1175 vetustate
271 1117 362 1193 atque
388 1112 506 1188 incuria
525 1113 646 1174 detecta
670 1114 892 1194 prolaberetur,
918 1117 953 1174 ut
973 1113 1070 1174 Attici

87 1199 252 1261 admonitu
267 1195 379 1260 Caesar
394 1207 461 1258 ea'm
475 1197 668 1260 reficiendam
683 1201 811 1260 curaret.
842 1197 948 1278 Neque
963 1219 1035 1260 vero
1051 1217 1070 1260 a

86 1286 136 1346 M.
154 1283 287 1344 Antonio
301 1283 402 1343 minus
415 1283 523 1344 absens
547 1283 657 1346 litteris
678 1283 847 1359 colebatur,
869 1284 944 1356 adeo
966 1289 1002 1345 ut
1021 1303 1069 1344 ac·
1092 1281 1139 1348 lu

87 1371 201 1430 curate
214 1369 268 1429 ille
282 1389 323 1429 ex
336 1368 453 1430 ultimis
468 1365 566 1445 terris,
581 1369 784 1452 quidageret,
801 1387 892 1429 curae
905 1369 964 1430 sibi
977 1370 1069 1430 habe-

86 1457 143 1516 ret
158 1454 316 1516 certiorem
330 1455 431 1516 facere
444 1453 590 1516 Atticum.
634 1453 702 1516 Hoc
717 1455 806 1535 quale
821 1453 862 1514 sit
881 1454 1000 1516 facilius
1017 1475 1069 1515 ex·

86 1539 243 1601 istimabit
262 1540 303 1615 is,
320 1541 372 1620 qui
393 1540 528 1602 iudicare
547 1541 667 1621 poterit,
689 1530 820 1620 quantae
841 1539 881 1602 sit
902 1540 1069 1621 sapientiae

88 1645 200 1686 eorum
214 1626 345 1686 retinere
360 1645 449 1687 usum
462 1626 772 1706 benevolentiamque,
788 1626 868 1686 inter
883 1646 957 1704 quos
971 1627 1068 1688 maxi-

88 1730 214 1772 marum
228 1729 331 1770 rerum
343 1731 404 1772 non
419 1711 517 1771 solum
532 1712 702 1786 aemulatio,
723 1712 778 1772 sed
792 1711 969 1774 obtrectatio
984 1714 1069 1774 tanta
1092 1707 1138 1773 15³

87 1795 315 1870 intercedebat,
339 1798 481 1875 quantam
501 1796 559 1856 fuit
580 1797 714 1856 incidere
729 1815 851 1858 necesse
866 1796 946 1857 inter
961 1793 1070 1858 Caesa·

87 1902 160 1943 rem
174 1885 264 1959 atque
278 1879 460 1956 Antonium,
482 1899 552 1940 cum
572 1900 605 1941 se
626 1884 753 1961 uterque
767 1881 934 1961 prinoipem
948 1900 1009 1942 nou
1023 1901 1070 1942 so·

87 1969 160 2040 lum
174 1967 259 2026 urbis
273 1965 399 2043 Itomae,
414 1967 470 2027 sed
485 1967 566 2028 orbis
582 1969 731 2034 terrarum
747 1986 814 2026 esse
829 1967 961 2046 cuperet.

159 2052 227 2113 Tali
246 2052 334 2113 modo
358 2071 427 2112 cum
447 2056 565 2132 septem
585 2056 617 2112 et
636 2051 830 2133 septuaginta
852 2071 945 2132 annos
969 2070 1048 2112 com·
1069 2046 1161 2112 XXI

87 2138 209 2220 plesset
227 2140 320 2216 atque
341 2136 380 2198 ad
400 2139 569 2198 extremam
583 2140 768 2199 senectutem
782 2157 843 2197 non
857 2136 956 2198 minus
972 2136 1070 2216 digni·
1091 2133 1134 2202 20

87 2226 158 2284 tate
173 2243 262 2303 quam
277 2223 377 2304 gratia
391 2223 570 2303 fortunaque
585 2223 745 2284 crevisset:
760 2223 872 2283 multas
888 2222 969 2282 euim
983 2223 1069 2284 here·
1167 2267 1170 2274 ψ

88 2310 206 2371 ditates
220 2309 305 2368 nulla
320 2309 428 2370 aliare
443 2329 534 2387 quam
548 2309 683 2370 bonitate
698 2310 878 2370 consecutus
893 2311 952 2370 est:
972 2312 1070 2369 tanta-

89 2414 155 2475 que
168 2395 369 2475 prosperitate
383 2414 457 2454 usus
472 2396 552 2455 esset
566 2395 764 2469 valetudinis,
786 2395 820 2454 ut
840 2394 929 2454 annis
943 2393 1070 2474 triginta
1168 2431 1169 2435 =

89 2480 244 2541 medicina
258 2479 523 2562 nonindiguisset,
538 2483 645 2542 nactus
660 2487 707 2542 est
720 2480 868 2555 morbum,
884 2499 973 2559 quem
984 2477 1069 2542 initio

90 2565 205 2646 etipse
220 2569 252 2627 et
263 2565 373 2627 mediol
388 2569 641 2647 contempserunt.
685 2565 766 2627 Nam
785 2569 931 2646 putarunt
945 2585 1013 2626 esse
1026 2568 1069 2626 te·
1091 2560 1138 2624 ab

90 2671 235 2728 nesmon,
260 2651 309 2711 cui
333 2652 469 2712 remedia
495 2652 605 2712 celeria
629 2651 790 2729 faciliaque
815 2651 1068 2731 proponebantur.

91 2739 134 2798 In
147 2737 204 2798 hoc
219 2756 288 2796 oum
301 2743 364 2796 tres
378 2755 497 2796 menses
512 2737 578 2796 sine
591 2736 663 2796 ullis
677 2735 841 2810 doloribus,
857 2739 1070 2815 praeterquam

93 2841 170 2902 quos
185 2841 226 2882 ex
245 2822 398 2884 curatione
418 2820 569 2900 capiebat,
590 2821 841 2900 consumpsisset,
863 2821 961 2881 subito
985 2825 1070 2882 tanta

92 2908 144 2968 vis
158 2906 256 2968 morbi
269 2907 301 2966 in
315 2925 410 2968 unum
424 2906 602 2967 intestinum
615 2905 767 2986 prorupit,
787 2909 822 2966 ut
843 2908 1069 2967 extremotem-
1113 2937 1159 2956 ae-

92 3013 168 3074 pore
192 3010 248 3072 per
269 2992 388 3052 lumbos
413 2991 534 3052 fistulae
559 2992 644 3073 puris
668 2991 831 3072 eruperint.
885 2989 987 3070 Atque
1012 2991 1068 3054 hoo
1091 2987 1138 3055 30

53 3074 55 3080 ’
94 3078 272 3159 priusquam
286 3078 314 3137 ei
329 3077 496 3154 accideret,
518 3081 678 3160 postquam
697 3077 729 3137 in
749 3077 814 3138 dies
836 3076 954 3138 dolores
970 3095 1070 3138 acore-

96 3182 182 3224 scere
195 3163 354 3242 febresque
370 3162 534 3224 accessisse
549 3163 657 3238 sensit,
678 3162 850 3244 Agrippam
864 3182 1010 3243 generum
1030 3164 1070 3224 ad

96 3267 130 3308 se
143 3249 257 3310 accersi
271 3249 360 3310 iussit
374 3251 405 3310 et
419 3267 488 3310 cum
502 3268 538 3310 eo
552 3247 585 3310 L.
603 3246 778 3310 Cornelium
789 3247 920 3310 Balbum
930 3246 1070 3310 Sextum-

98 3351 157 3411 que
166 3332 366 3395 Peducaeum.
389 3333 455 3394 Hos
465 3339 500 3395 ut
514 3335 635 3398 venisse
649 3334 736 3411 vidit,
750 3335 783 3395 in
797 3335 932 3396 cubitum
946 3333 1069 3393 innixus

98 3416 289 3486 Quantam
303 3419 545 3498 iuquitcuram
560 3419 939 3501 diligentiamquein
960 3418 1068 3478 vale·
1089 3414 1138 3478 35

96 3503 234 3564 tudine
263 3523 344 3565 mea
377 3506 520 3567 tuenda
544 3507 613 3567 hoc
638 3509 804 3586 tempore
828 3502 1069 3566 adhibuerim

95 3607 178 3651 cum
193 3608 262 3650 vos
277 3592 398 3651 testes
413 3590 582 3666 habeam,
598 3590 863 3652 nihilnecesse
878 3592 935 3652 est
949 3590 1068 3672 pluri·
1160 3602 1162 3608 ’

96 3675 168 3737 bus
191 3674 326 3737 verbis
352 3694 656 3739 commemorare.
699 3674 846 3746 Quibus
875 3675 1068 3757 quoniam,
