2720 4482
304 379 367 444 136
696 377 882 443 ATTICUS.

303 571 372 612 rum
387 552 537 632 originem
551 551 721 626 subtexuit,
743 553 779 613 nt
793 571 834 612 ex
846 571 883 613 eo
897 551 1048 612 clarorum
1063 553 1200 614 virorum
1214 573 1287 634 pro

303 637 431 718 pagines
446 638 596 718 possimus
612 656 802 716 cognoscere.
848 636 937 698 Fecit
950 637 1007 698 hoc
1021 638 1102 698 idem
1116 639 1285 718 separatim

304 725 336 784 in
347 724 417 784 aliis
427 725 523 799 libris,
539 727 574 784 ut
584 723 625 783 M.
638 723 728 784 Bruti
738 725 848 802 rogatu
858 722 978 784 Iuniam
989 723 1137 784 familiam
1152 743 1172 784 a
1185 723 1285 805 stirpe

304 809 343 871 ad
358 809 436 870 banc
451 813 582 870 aetatem
596 809 701 870 ordine
716 808 917 883 enumeravit,
940 811 1048 870 notans
1064 811 1116 888 qui
1129 828 1149 869 a
1163 829 1285 889 quoque

261 896 283 960 5
305 907 389 957 ortus
409 915 483 975 quos
503 895 633 957 bonores
652 894 820 973 quibusque
840 895 1025 974 temporibus
1046 896 1191 975 cepisset,
1215 895 1286 974 pari

305 982 394 1042 modo
416 981 556 1042 Marcelli
578 977 699 1040 Claudii
720 979 950 1054 Marcellorum,
974 977 1125 1060 Scipionis
1147 977 1287 1041 Cornelii

305 1070 337 1126 et
349 1065 439 1127 Fabii
453 1065 582 1126 Maximi
597 1064 762 1126 Fabiorum
784 1069 816 1126 et
829 1063 1042 1126 Aemiliorum:
1064 1065 1174 1144 quibus
1193 1066 1286 1126 libris

304 1151 380 1212 nihil
394 1155 575 1232 potestesse
589 1151 707 1212 dulcius
723 1151 777 1226 eis,
802 1151 854 1229 qui
868 1150 1002 1229 aliquam
1016 1152 1214 1232 cupiditatem
1228 1152 1285 1212 ha

304 1238 377 1300 beat
389 1238 515 1299 notitiae
530 1238 680 1299 clarorum
694 1237 837 1297 virorum.
871 1234 986 1316 Attigit
1000 1257 1118 1315 quoque
1132 1237 1284 1316 poeticen,

241 1323 284 1389 10
306 1324 465 1398 eredimus,
480 1343 520 1384 ne
535 1323 601 1383 eius
616 1342 723 1402 expers
738 1325 819 1382 esset
832 1322 1001 1382 suavitatis.
1030 1321 1170 1401 Namque
1184 1323 1224 1382 de
1237 1324 1285 1382 vi-

304 1409 347 1469 ris
361 1409 419 1483 eis,
442 1408 492 1487 qui
513 1409 626 1470 honore
640 1427 802 1486 rerumque
816 1411 971 1487 gestarum
985 1408 1186 1488 amplitudine
1200 1411 1285 1469 oete-

304 1514 355 1555 ros
375 1493 506 1554 Romani
528 1494 633 1573 populi
654 1494 885 1574 praestiterunt,
912 1494 1055 1573 exposuit
1080 1493 1138 1569 ita,
1164 1495 1202 1554 ut
1225 1495 1283 1554 sub

304 1579 491 1658 singulorum
512 1579 696 1656 imaginibus
718 1579 798 1640 facta
818 1578 1073 1658 magistratusque
1093 1599 1199 1640 eorum
1220 1599 1286 1639 non

305 1663 435 1743 amplius
458 1664 611 1742 quaternis
633 1663 791 1742 quinisque
810 1665 949 1725 versibus
975 1664 1184 1745 descripserit:
1211 1683 1286 1724 cum

240 1749 282 1813 15
303 1749 360 1810 vix
373 1748 558 1810 credendum
573 1749 613 1810 sit
627 1752 727 1810 tantas
741 1767 791 1810 res
807 1752 869 1810 tam
883 1750 1018 1810 breviter
1031 1751 1166 1830 potuisse
1181 1750 1285 1811 decla·

303 1834 374 1982 bari.
397 1833 455 1897 Est
468 1835 561 1897 etiam
576 1855 654 1898 unus
669 1835 747 1895 liber
759 1832 875 1896 Graece
890 1835 1054 1912 coniectus,
1070 1836 1108 1896 de
1122 1837 1286 1896 consulatu

331 1940 468 1985 rceroms.

218 2007 302 2070 XIX
388 2007 473 2070 Haec
487 2009 633 2069 haetenus
647 2005 750 2068 Attico
764 2006 837 2068 vivo
852 2007 935 2068 edita
948 2026 968 2067 a
980 2006 1067 2067 nobis
1081 2009 1160 2066 sunt.
1182 2005 1287 2082 Nune,

304 2093 445 2174 quoniam
465 2094 587 2154 fortuna
606 2113 661 2154 nos
682 2093 861 2174 superstites
882 2093 910 2153 ei
934 2110 1002 2152 esse
1027 2092 1138 2166 voluit,
1164 2091 1287 2172 reliqua

240 2178 284 2245 20
304 2199 521 2261 persequemur
543 2184 588 2254 et,
613 2185 758 2258 quantum
778 2177 979 2258 potuerimus,
999 2177 1110 2238 'rerum
1130 2178 1286 2258 exemplis

304 2266 433 2327 lectores
455 2265 642 2340 docebimus,
664 2265 744 2325 sicut
758 2283 850 2344 supra
863 2263 1116 2344 significavimus,
1133 2281 1205 2324 suos
1222 2263 1288 2325 cui·

306 2372 364 2430 que
378 2371 478 2412 mores
494 2349 672 2430 plerumque
693 2351 855 2412 conciliare
875 2350 1034 2410 fortunam.
1077 2349 1219 2428 Namque
1235 2349 1286 2410 hie

305 2438 463 2496 contentus
478 2435 583 2496 ordine
598 2436 744 2513 equestri,
770 2455 828 2513 quo
851 2437 916 2496 erat
930 2438 1028 2510 ortus,
1052 2435 1083 2495 in
1103 2433 1285 2496 affinitatem

304 2520 445 2601 pervenit
458 2519 659 2599 imperatoris,
680 2517 752 2579 Divi
761 2519 831 2595 filii,
847 2538 915 2580 cum
929 2521 992 2581 iam
1006 2523 1076 2581 ante
1090 2519 1284 2581 familiarita-

240 2603 282 2669 25
304 2612 367 2666 tem
380 2605 446 2666 eius
460 2608 542 2666 esset
556 2608 733 2666 consecutus
755 2605 840 2666 nulla
860 2605 921 2665 alia
943 2626 993 2682 re,
1016 2625 1105 2685 quam
1127 2605 1283 2686 elegantia

304 2691 395 2768 vitae,
408 2710 467 2771 qua
478 2695 594 2754 ceteros
606 2694 728 2772 ceperat
738 2690 889 2773 principes
901 2690 1034 2752 civitatis
1043 2690 1194 2769 dignitate
1205 2690 1284 2772 pari,

305 2776 427 2839 fortuna
442 2777 626 2839 humiliores.
650 2777 748 2838 Tanta
762 2777 842 2838 enim
857 2778 1041 2857 prosperitas
1057 2774 1220 2837 Caesarem
1236 2781 1284 2838 est

305 2866 474 2938 consecuta,
490 2867 525 2924 ut
537 2863 614 2924 nihil
628 2863 656 2923 ei
671 2855 731 2926 non
745 2864 887 2924 tribuerit
900 2864 1029 2939 fortuna,
1045 2861 1124 2942 quod
1139 2862 1283 2942 cuiquam

304 2951 374 3010 ante
390 2949 547 3025 detulerit,
571 2953 602 3009 et
616 2949 798 3024 conciliarit,
820 2948 899 3028 quod
913 2967 1001 3009 nemo
1016 2948 1114 3009 adhuc
1129 2947 1207 3008 civis
1220 2947 1285 3008 Ro-

241 3030 284 3096 30
305 3053 414 3094 manus
434 3035 574 3113 quiverat
595 3034 744 3114 consequi.
788 3033 870 3095 Nata
884 3037 931 3094 est
945 3037 1047 3095 autem
1063 3033 1165 3095 Attico
1180 3033 1284 3114 neptis

216 3157 219 3166 ·
306 3138 346 3178 ex
360 3117 508 3199 Agrippa,
525 3120 572 3181 cui
587 3119 739 3198 virginem
753 3119 847 3180 filiam
863 3119 1036 3180 collocarat.
1064 3118 1153 3180 Hanc
1169 3115 1286 3180 Caesar

305 3203 362 3262 vix
375 3204 546 3264 anniculam
562 3205 682 3266 Tiberio
696 3203 822 3266 Claudio
836 3204 960 3282 Neroni,
974 3205 1111 3266 Drusilla
1124 3207 1205 3279 nato,
1221 3205 1290 3284 pri·

305 3288 400 3368 riguo
422 3308 491 3364 suo,
514 3289 682 3370 despondit.
727 3289 814 3358 Quae
837 3291 1005 3352 coniunctio
1026 3290 1291 3351 necessitudinem

306 3393 411 3435 eorum
425 3374 536 3451 sanxit,
552 3374 789 3436 familiaritatem
803 3375 936 3437 reddidit
949 3376 1193 3455 frequentiorem.

242 3455 360 3522 35XX
392 3459 584 3542 Quamquam
607 3467 678 3522 ante
699 3461 774 3522 haec
796 3462 949 3542 sponsalia
971 3482 1031 3523 non
1044 3462 1143 3522 solum
1159 3479 1229 3522 cum
1245 3463 1289 3524 ab

305 3546 381 3606 urbe
403 3543 537 3622 abesset,
565 3565 729 3628 numquam
750 3546 788 3608 ad
810 3567 932 3609 suorum
957 3565 1139 3628 quemquam
1161 3547 1291 3608 litteras

306 3630 405 3704 misit,
426 3632 498 3712 quin
519 3632 623 3694 Attico
645 3633 793 3709 mitteret,
817 3633 889 3714 quid
904 3640 1017 3714 ageret,
1040 3633 1071 3694 in
1086 3633 1193 3712 primis
1208 3633 1290 3712 quid

305 3715 423 3795 legeret
444 3718 611 3798 quibusque
633 3718 665 3780 iu
686 3719 760 3780 loeis
780 3723 811 3782 et
831 3739 921 3801 quam
936 3719 989 3781 diu
1003 3722 1084 3780 esset
1099 3722 1290 3793 moraturus,
