2720 4482
382 303 505 368 XXII.
527 302 759 368 HANNIBAL.
1007 303 1072 369 121
1201 359 1206 369 .

70 474 184 550 niam,
215 493 293 554 quae
321 473 463 556 stipendii
493 477 559 538 loco
588 475 627 537 iis
656 475 799 556 imposita
827 479 906 551 erat,
937 476 1076 557 primum

72 559 216 622 Romam
243 561 450 637 advexerunt,
487 561 577 623 simul
602 564 763 642 petentes,
802 564 836 622 nt
861 562 984 623 obsides
1011 563 1071 624 sibi

71 645 297 723 redderentur,
312 647 365 725 qui
378 646 491 708 redditi
505 668 566 710 non
581 649 691 721 essent,
707 647 746 708 ab
761 647 879 725 Norba,
895 647 948 710 ubi
962 667 1070 728 parum

74 731 246 793 commode
259 735 375 806 essent,
399 733 459 794 alio
474 735 714 796 traducerentur.
759 731 879 802 Quibus
895 751 1071 795 concessum

74 819 143 891 est,
169 820 206 878 ut
220 814 357 898 Signiam
373 821 404 878 et
418 817 616 880 Ferentinum
637 818 810 880 transirent.
855 816 973 879 Eodem
993 823 1070 880 tem·
1091 813 1122 880 Γ)

71 921 159 982 pore
174 901 331 964 Hannibal
351 909 473 983 praetor
493 905 592 965 factus
613 909 676 980 est,
700 907 861 984 postquam
883 924 941 965 rex
960 905 1068 980 inerat,

74 1005 164 1050 anno
182 989 315 1052 secundo
331 992 362 1050 et
376 989 531 1050 vicesimo.
575 986 619 1050 Ut
632 989 713 1050 enim
727 988 845 1051 Romae
859 991 1009 1065 consules,
1025 990 1070 1050 sic

76 1069 276 1152 Carthagine
291 1075 451 1152 quotannis
464 1074 530 1134 bini
544 1093 635 1151 reges
649 1075 741 1135 annui
757 1077 945 1137 creabantur.
978 1076 1018 1136 In
1032 1094 1069 1136 eo

75 1158 270 1239 magistratu
286 1159 354 1238 pari
368 1159 529 1238 diligentia
543 1179 576 1219 se
590 1158 745 1221 Hannibal
760 1162 901 1241 praebuit
919 1179 956 1221 ac
969 1162 1071 1221 iuerat

75 1245 111 1304 in
127 1245 225 1306 bello.
269 1244 410 1305 Indicum
431 1245 505 1306 ordo
527 1263 563 1306 eo
585 1247 721 1325 tempore
736 1241 921 1325 Carthagine
935 1246 1069 1306 domina·
1092 1241 1144 1306 10³

76 1329 277 1406 batur,'ideo
301 1329 444 1405 maxime,
468 1330 548 1410 qnod
569 1329 664 1391 iidem
678 1335 824 1410 perpetuo
840 1331 956 1391 iudices
970 1333 1067 1392 erant.

77 1414 162 1491 Hos,
188 1434 262 1496 prae
284 1434 411 1494 quorum
432 1416 574 1496 superbia
588 1419 679 1496 atque
694 1416 801 1496 opibus
815 1434 872 1476 neo
886 1416 971 1495 leges
986 1415 1069 1496 quic-

79 1517 179 1580 quam
201 1501 357 1577 valerent,
383 1520 439 1562 nec
460 1501 674 1582 magistratus,
700 1502 732 1562 in
754 1501 892 1563 contione
914 1501 1070 1564 Hannibal

78 1585 244 1648 accusavit
259 1589 290 1647 et
303 1586 440 1666 pertulit,
454 1588 534 1649 utin
549 1588 687 1667 singulos
698 1607 792 1649 annos
803 1587 920 1650 iudices
931 1588 1069 1667 legeren-

78 1673 145 1749 tur,
161 1691 201 1732 ne
216 1672 284 1752 quis
298 1673 454 1733 biennium
469 1673 644 1735 continuum
658 1674 753 1736 iudex
768 1676 859 1740 esset.
895 1671 993 1734 Simul
1009 1674 1070 1736 alia
1092 1667 1142 1732 15

79 1759 207 1820 ratione
222 1757 349 1818 utilitati
362 1756 503 1839 publicae
517 1759 676 1821 consuluit.

173 1842 348 1921 Vectigalia
367 1843 489 1923 publica
509 1844 620 1924 partim
641 1844 831 1923 negligentia
845 1843 1066 1919 dilabebantur,
1090 1841 1124 1903 X

80 1928 201 2010 partim
216 1929 346 2009 praedae
361 1948 397 1990 ac
412 1928 523 1989 divisui
538 1928 725 2009 principibus
737 1929 917 2008 quibusdam
930 1931 961 1988 et
971 1929 1069 2007 magi-

81 2013 235 2076 stratibus
263 2017 363 2089 erant3
396 2015 468 2093 quin
494 2018 525 2075 et
550 2015 692 2094 pecunia,
725 2034 801 2094 quae
826 2015 858 2075 in
883 2011 1069 2094 stipendium

82 2098 236 2161 Romanis
250 2118 304 2161 suo
320 2119 439 2179 quoque
453 2119 531 2160 anno
546 2102 744 2179 penderetur,
767 2102 886 2174 deerat,
907 2099 1068 2160 tributum-
1089 2094 1141 2160 20

84 2205 148 2264 que
164 2203 260 2264 grave
280 2185 409 2264 privatis
430 2185 590 2247 imminere
604 2186 774 2246 videbatur.
819 2181 974 2247 Hannibal
988 2188 1070 2264 post

86 2289 182 2350 quam
194 2270 421 2346 animadvertit,
437 2276 550 2350 quanta
559 2272 726 2354 vectigalia
735 2271 894 2332 terrestria
904 2270 1071 2332 maritima·

84 2375 147 2435 que
173 2357 275 2415 essent
300 2358 331 2416 et
357 2356 389 2414 in
415 2375 491 2434 quas
511 2376 562 2416 res
588 2361 787 2436 erogarentur
811 2363 843 2417 et
867 2355 940 2436 quid
965 2375 1071 2416 eorum

85 2440 235 2504 ordinarii
249 2440 436 2520 reipublicae
450 2461 524 2502 nsus
539 2445 764 2516 consumerent,
788 2445 934 2521 quantum
949 2441 1070 2521 pecula-

84 2531 139 2588 tus
154 2529 321 2602 averteret,
336 2526 369 2588 in
384 2528 524 2590 contione
539 2529 760 2608 pronuntiavit,
785 2529 924 2589 omnibus
939 2527 1069 2587 residuis
1090 2521 1142 2586 25

85 2611 226 2692 pecuniis
245 2611 377 2689 exactis,
400 2614 620 2693 rempublicam
640 2615 716 2674 satis
739 2614 923 2692 locupletem
942 2613 1008 2675 fore
1030 2613 1069 2672 ad

85 2697 225 2775 uectigal
248 2697 395 2759 Romanis
420 2698 614 2776 solvendum,
641 2702 673 2758 et
698 2699 879 2778 promissum
905 2697 1066 2778 praestitit.

85 2783 167 2844 Tum
182 2801 255 2845 vero
269 2784 329 2858 isti,
352 2803 426 2863 quos
440 2802 497 2862 per
511 2783 627 2862 aliquot
640 2802 734 2844 annos
755 2782 914 2861 peculatus
929 2782 1069 2862 publicus

85 2873 229 2949 paverat,
251 2868 362 2929 infensi
377 2873 408 2929 et
422 2869 493 2930 irati
507 2868 708 2931 Romanosa'n
722 2867 926 2928 Hannibalem
941 2867 1067 2946 instiga·
1163 2913 1172 2930 .

85 2953 174 3027 bant;
191 2959 222 3014 et
235 2953 267 3014 hi
283 2954 404 3033 quidem
419 2959 450 3015 et
459 2955 519 3034 ipsi
530 2955 593 3016 iam'
602 2955 654 3015 din
666 2973 787 3016 cansam
799 2953 860 3015 odii
871 2953 1065 3033 quaerebant.
1089 2945 1140 3010 30s

86 3040 138 3099 Ita
159 3038 213 3099 diu
233 3045 422 3119 repugnante
443 3038 478 3100 P.
500 3037 641 3124 Scipione
662 3037 807 3101 Africano
827 3040 949 3099 taudem
965 3039 1068 3100 obten-

86 3128 153 3185 tum
182 3127 238 3201 est,
264 3128 298 3185 ut
323 3126 418 3205 legati
439 3122 656 3205 Carthaginem
682 3126 883 3199 mitterentur,
910 3125 962 3204 qui
988 3125 1069 3203 apud

88 3212 228 3271 senatum
249 3229 355 3271 eorum
378 3215 556 3290 arguerent,
586 3211 791 3273 Hannibalem
820 3229 889 3271 oum
902 3207 904 3212 ’
917 3208 1068 3270 Antiocho

87 3314 163 3374 rege
178 3296 303 3358 consilia
317 3295 391 3356 belli
406 3297 536 3360 faciendi
550 3297 635 3358 inire.
680 3296 790 3375 Legati
808 3300 872 3356 tres
886 3295 972 3356 missi
987 3296 1067 3368 sunt,

89 3381 226 3460 quicum
242 3377 459 3459 Carthaginem
472 3383 638 3458 venissent,
659 3383 761 3462 palam
781 3381 938 3455 dixerunt,
962 3379 1070 3440 adesse
1083 3371 1134 3436 35

89 3485 122 3527 se
144 3466 184 3526 ad
206 3467 442 3543 controversias,
466 3487 543 3548 quae
565 3487 635 3529 oum
649 3466 843 3539 Massinissa,
865 3485 940 3544 rege
960 3463 1068 3525 Numi-

88 3551 204 3627 darum,
222 3549 525 3631 Carthaginiensibus
541 3556 658 3629 essent,
681 3552 875 3614 dirimendas.
919 3549 957 3610 Id
972 3549 1068 3610 oredi-

86 3639 153 3700 tnm
163 3637 268 3720 vulgo.
291 3636 393 3704 Unum
403 3637 609 3702 Hannibalem
622 3657 683 3702 non
697 3637 831 3713 fallebat,
847 3656 881 3700 se
895 3634 1072 3700 aRomanis
