2730 4460
323 371 365 434 10
673 371 698 432 Ι.
723 367 960 432 lllL‘l'lAllllS.

320 559 424 604 anm
446 543 535 604 dani
555 554 647 623 atqua
667 541 811 614 obsoleti,
833 541 879 602 sic
896 540 970 602 olim
991 539 1074 622 apud
1096 539 1313 604 Athenienses

320 631 415 690 luisse
436 630 614 709 reperimus
658 626 797 707 Namque
817 625 889 688 huic
910 625 1058 700 Miltiadi,
1087 629 1145 706 qui
1170 629 1313 690 Athenas

320 729 477 794 totamque
492 713 653 776 Graeciam
667 713 822 784 liberarat,
844 711 916 774 talis
929 712 1025 774 honor
1038 711 1167 775 habitus
1191 723 1262 789 est,
1285 721 1315 774 ut

322 802 353 861 in
369 804 488 880 porticu
502 819 580 879 qnae
594 799 716 860 Poecile
730 809 866 872 vocatur,
881 816 951 860 eum
966 817 1069 878 pugna
1082 799 1314 880 depingeretur

278 885 301 950 5
322 885 524 948 Marathonia
536 886 683 946 indecem
695 896 868 964 praetorum
878 902 1005 944 numero
1011 883 1112 965 prima
1120 886 1200 946 eins
1212 887 1314 963 imago

321 989 485 1052 poneretur
498 973 585 1049 isque
600 972 770 1032 hortaretur
783 969 897 1030 milites
911 969 1124 1050 proeliumque
1133 974 1315 1034 committo-

321 1075 377 1117 ret
421 1057 508 1117 ldern
524 1058 576 1116 ille
598 1056 728 1136 populns
749 1065 945 1135 posteaquam
964 1055 1063 1116 maius
1075 1054 1259 1136 imperinm
1274 1068 1315 1118 est

322 1159 429 1202 nactus
443 1157 474 1202 et
490 1143 651 1221 largitione
662 1142 895 1219 magistratuum
908 1148 1068 1220 corruptus
1077 1149 1136 1218 est,
1153 1147 1314 1204 trecentas

321 1230 484 1306 sexaginta
498 1243 615 1287 statuas
629 1227 784 1287 Demetrio
799 1226 949 1286 Phalereo
963 1225 1110 1290 decrerit

259 1314 301 1378 10
316 1314 366 1374 lx
409 1315 452 1374 At
467 1312 623 1373 lliltisdes
638 1333 707 1372 cnm
721 1325 812 1374 antea
825 1313 887 1374 iam
901 1312 1142 1373 Atheniensibus
1159 1315 1312 1394 probatus

321 1402 439 1462 inisset.
462 1413 527 1459 tum
549 1419 623 1460 rero
643 1413 712 1477 post
732 1417 797 1460 rem
811 1399 850 1460 ad
864 1397 1075 1458 Marathonem
1090 1397 1175 1460 bene
1191 1409 1311 1478 gestaru

322 1489 436 1544 maiore
450 1487 542 1544 etiarn
557 1486 657 1561 gloria
670 1499 779 1543 ancum
793 1497 850 1543 est
888 1482 984 1543 Brevi
998 1489 1068 1563 post
1081 1484 1121 1544 ab
1136 1484 1311 1546 Athenien·

320 1572 405 1629 sibus
424 1573 620 1648 septuaginta
639 1589 734 1629 naves
754 1589 829 1644 oum
843 1568 993 1630 militibus
1012 1581 1045 1630 et
1058 1571 1200 1648 pecnnia
1215 1572 1309 1652 petiit

319 1677 389 1714 eum
411 1656 449 1714 iis
470 1675 529 1714 non
545 1656 675 1727 diceret,
698 1656 747 1714 cui
766 1655 888 1732 regioni
908 1654 1024 1714 bellum
1046 1661 1132 1715 esset
1152 1655 1308 1730 illaturus,

257 1737 299 1804 15
319 1743 374 1800 sed
390 1742 596 1800 tanmmmodo
611 1741 637 1799 si
652 1761 686 1800 se
697 1750 905 1818 sequerentur,
921 1759 956 1800 se
966 1740 1037 1800 illos
1045 1740 1308 1820 locupletetnrum

319 1843 350 1887 et
365 1827 397 1886 in
411 1845 479 1885 earn
493 1828 650 1903 regionem
666 1826 838 1901 ducturum,
852 1825 935 1886 unde
947 1825 1033 1886 nullo
1048 1827 1178 1906 negotio
1195 1828 1305 1890 affatim

321 1914 389 1972 anri
403 1925 603 1991 reportarent
633 1911 694 1971 llis
707 1911 811 1972 verbis
823 1912 1026 1972 Athenienses
1040 1913 1169 1993 adapes
1178 1915 1305 1976 maiores

320 1999 416 2058 erecti
430 2016 527 2056 nares
536 2016 613 2076 quas
623 2009 804 2078 poposcerat
813 1999 843 2057 ei
853 1997 1053 2072 hadiderunt,
1068 1999 1186 2077 quibus
1197 1999 1303 2060 Miltia-

322 2085 377 2144 des
392 2085 526 2163 acceptis
538 2084 653 2162 aliquot
668 2085 785 2144 insulas
799 2083 884 2157 adiit,
899 2102 975 2162 quas
988 2083 1145 2144 militibus
1159 2082 1294 2164 erposih's

256 2168 300 2232 20
320 2171 466 2234 vastarit,
481 2171 591 2229 deinde
602 2168 715 2229 Parum
726 2170 888 2246 navigavit
895 2189 952 2248 per
962 2168 1098 2248 speciem
1112 2167 1286 2231 ulciscendae

323 2257 465 2316 iniuriae.
489 2275 578 2332 qnam
602 2255 685 2314 Parii
707 2255 894 2324 intulissent,
919 2255 1001 2333 quod
1021 2274 1084 2316 una
1107 2275 1177 2316 oum
1190 2251 1289 2312 Persis

321 2341 438 2400 triremi
457 2339 639 2399 Marathona
657 2340 823 2398 venissent
873 2339 942 2400 Hac
962 2339 1087 2419 quidem
1109 2339 1295 2402 simulatione

319 2426 483 2484 verberum
503 2445 576 2483 nsns
595 2437 657 2488 cst.
677 2425 733 2484 sed
753 2425 890 2484 infensus
909 2431 976 2486 erat
989 2424 1091 2486 Pariis
1113 2427 1154 2487 ob
1169 2427 1299 2508 Lysago-

319 2528 394 2572 nm.
410 2508 513 2568 Pisias
523 2510 630 2572 tilium.
638 2529 753 2587 genere
762 2509 897 2584 Parium,
913 2513 966 2590 qni
974 2511 1076 2590 ipsum
1087 2515 1173 2592 apud
1183 2513 1301 2592 Hydar-

255 2593 299 2658 ἒ»
319 2615 390 2653 nem
405 2593 532 2654 Pemm
546 2608 753 2656 assument
797 2595 844 2656 Eo
859 2605 1021 2676 postquam
1035 2599 1123 2658 venit
1135 2599 1302 2663 Miltiades,

320 2679 429 2739 Parios
449 2680 530 2740 intra
552 2681 673 2742 moenia
690 2682 775 2741 urbis
803 2682 977 2760 compulsos
1002 2684 1124 2744 obsedit
1149 2686 1305 2764 missoque

319 2766 521 2825 caduceatore
541 2780 663 2826 centum
683 2768 800 2827 talenta
819 2769 958 2847 poposcit
976 2769 1172 2845 denuntians,
1195 2771 1260 2831 nisi
1275 2789 1306 2830 ea

320 2853 379 2910 sibi
402 2851 574 2914 terimi.
602 2873 636 2912 se
657 2873 719 2913 non
747 2853 831 2932 prins
859 2853 962 2932 copias
989 2854 1062 2915 inde
1089 2855 1306 2927 abducturum,

320 2957 411 3014 quam
426 2938 533 2997 urbem
549 2940 689 3016 cepisset
733 2938 795 3000 Sed
809 2937 894 2998 Parii
909 2943 1028 2999 tantum
1049 2939 1158 3001 aberat
1172 2947 1211 3002 ut
1225 2944 1307 3022 quic·

255 3019 299 3082 :il
319 3041 412 3100 quam
426 3025 574 3101 pecuniae
589 3025 707 3090 darent
722 3034 757 3084 nt
770 3024 877 3084 urbem
887 3023 1006 3084 firmins
1020 3024 1177 3086 munirent
1192 3031 1226 3088 et
1241 3029 1308 3088 dili-

318 3109 442 3184 genn'ns
457 3110 655 3172 custodirent
671 3111 747 3170 adeo
762 3120 850 3170 utne
871 3115 964 3170 noctu
983 3110 1108 3189 qnidam
1129 3111 1308 3172 intermisso

318 3211 411 3271 opere
426 3212 548 3252 murum
562 3194 656 3272 duplo
670 3195 812 3254 altiorem
827 3214 919 3273 quam
932 3202 1004 3256 ante
1024 3197 1126 3256 fuerat
1139 3198 1308 3276 erigerent

265 3276 299 3338 X
405 3276 572 3356 Postquam
587 3281 695 3339 urbem
706 3281 849 3359 operibus
860 3281 972 3342 clausit
980 3283 1123 3361 omnique
1134 3290 1311 3345 commeatu

320 3362 484 3441 prohibuit
498 3364 599 3424 vineis
607 3365 870 3445 testudinibusque
881 3367 1056 3428 constitutis
1067 3369 1194 3449 propius
1207 3389 1311 3430 acees-

253 3445 298 3508 3t't
318 3449 358 3506 sit
374 3467 486 3509 munta
531 3446 610 3509 Cum
625 3451 733 3512 iamin
746 3471 782 3512 eo
802 3460 898 3524 esset,
918 3459 954 3512 ut
973 3454 1086 3533 oppido
1108 3455 1266 3535 potiretur
1281 3461 1310 3516 et

318 3533 463 3611 oppidani
478 3535 559 3594 said
574 3536 741 3597 madituros
755 3537 981 3616 pollicerentur,
1002 3539 1110 3618 procul
1123 3541 1160 3600 in
1172 3542 1309 3622 Mycono

317 3617 418 3677 insula
433 3619 531 3684 luens
544 3622 597 3699 qui
611 3642 648 3682 ex
662 3620 743 3682 Paro
758 3622 1016 3701 conspiciebatur,
1037 3626 1140 3687 nescio
1156 3647 1219 3706 quo
1236 3647 1310 3689 casu

319 3719 467 3764 micturno
482 3721 619 3786 tempore
634 3708 775 3766 incensus
789 3719 845 3767 est
873 3704 969 3768 Cuius
983 3710 1106 3770 Quinta
1120 3717 1156 3772 ut
1170 3717 1222 3774 est
1233 3715 1309 3788 visa,
