2748 4486
313 373 356 440 48
642 371 713 436 VII.
737 371 968 436 LYSANDER.

314 545 496 608 fefellerunt
541 543 621 606 Nam
646 563 707 606 non
732 544 832 606 solum
856 543 1011 623 corrumpi
1034 562 1096 604 non
1123 546 1307 624 potnerunt,

315 632 371 692 sed
393 630 485 692 etiam
506 630 625 710 legatos
647 628 907 692 Lacedaemonem
926 629 1089 704 miserunt,
1113 629 1167 709 qui
1182 628 1308 710 Lysan-

315 717 406 780 drum
420 717 611 790 accusarent,
634 715 717 796 quod
736 714 910 776 secerdotes
924 710 988 776 iani
1002 733 1202 795 comumpere
1217 733 1308 777 cona·

316 805 367 866 tus
392 805 483 864 esset.
542 800 713 864 Accusatus
737 801 794 862 boe
821 799 949 862 crimine
973 800 1108 862 iudicum
1139 801 1308 862 sententiis

273 886 294 951 5
317 888 474 952 absolutus
489 889 544 948 est,

242 975 296 1038 IX
404 969 482 1034 (lum
495 971 661 1052 Agesilaus
675 971 708 1034 in
722 969 802 1035 Asia
812 989 862 1036 res
875 971 954 1034 bene
968 973 1100 1050 gereret,
1121 990 1181 1032 rex
1195 969 1308 1034 Persa-

317 1078 386 1120 rum
401 1057 530 1138 pecunia
543 1057 637 1119 missa
648 1053 830 1133 Gormthios,
845 1057 1014 1133 Thebanos,
1029 1055 1176 1135 Argivos,
1192 1058 1308 1138 quibus

317 1147 426 1224 postea
435 1142 638 1206 Athenienses
650 1147 682 1204 et
692 1143 832 1206 Thessali
846 1161 880 1203 se
894 1141 1109 1223 adiungebant,
1126 1144 1307 1218 commovit,

316 1233 353 1292 ut
366 1228 614 1292 Lacedaemoniis
634 1229 749 1292 bellum
769 1229 929 1304 inferrent,
951 1228 1032 1307 quod
1047 1225 1247 1290 Corinthium
1262 1231 1309 1290 eet

253 1315 297 1380 10
318 1317 514 1397 appellatum.
545 1313 595 1376 Ad
611 1313 691 1394 quod
707 1315 875 1393 gerendum
890 1313 1050 1394 Lysander
1064 1332 1135 1375 cum
1149 1312 1309 1376 Pausania

318 1421 394 1480 rege
420 1401 532 1468 mismre
556 1400 702 1480 ipseper
726 1399 912 1474 Phocenses,
939 1398 991 1478 qui
1013 1397 1308 1462 aLaoedaemoniis

320 1488 452 1562 stabant,
467 1486 498 1546 in
509 1485 667 1546 Boeotiam
682 1485 838 1564 ingressus
853 1488 901 1546 est
914 1488 946 1546 et
957 1484 1169 1547 Orchomeniis
1179 1505 1306 1567 persua·

320 1571 368 1645 sit,
384 1574 420 1631 ut
434 1589 453 1632 a
467 1571 614 1632 societate
628 1570 840 1634 Thebanorum
854 1569 1028 1633 deficerent.
1071 1569 1194 1634 Deinde
1208 1571 1306 1634 Leba-

319 1657 408 1716 deam
433 1674 542 1718 versus
568 1656 722 1737 proiectus
748 1657 787 1717 sd
808 1657 1008 1733 Pausaniam,
1035 1657 1087 1736 qui
1112 1657 1173 1718 alio
1194 1658 1305 1719 itinere

254 1741 297 1806 15
319 1759 393 1802 usus
406 1743 482 1816 erat,
497 1741 604 1803 literas
618 1741 715 1818 misit,
738 1744 773 1804 ut
792 1743 850 1804 sibi
870 1745 991 1822 postero
1007 1741 1056 1803 die
1071 1743 1110 1803 ad
1124 1742 1305 1804 Haliartum

319 1828 440 1907 praesto
471 1830 567 1901 esset,
599 1847 691 1907 quem
722 1827 829 1890 urbem
854 1831 1083 1910 oppugnaturus
1108 1831 1183 1890 erat.
1235 1829 1304 1890 Hae

318 1913 426 1974 literae
440 1932 496 1993 per
510 1913 720 1994 exploratores
735 1914 922 1994 interceptae
936 1913 976 1975 ad
991 1913 1150 1975 Thebanos
1164 1915 1304 1994 perlatae

319 2001 405 2074 sunt,
433 1998 484 2078 qui
510 2000 614 2060 statim
639 1999 755 2061 auxilio
781 1999 910 2080 proiecti
931 1999 1015 2080 prius
1037 2019 1127 2079 quam
1141 1998 1304 2080 Lysander

194 2147 197 2154 ,
320 2085 360 2146 ad
374 2084 549 2146 Haliartum
563 2088 769 2166 pervenerunt
782 2085 948 2164 urbemque
963 2087 1193 2165 occupaverunt.
1215 2083 1301 2146 Laco

252 2167 298 2234 20
320 2173 424 2232 autem
438 2171 537 2250 prima
559 2171 629 2232 luce
650 2189 720 2232 curn
739 2170 909 2232 exercitum
923 2170 1115 2246 adduxisset,
1133 2169 1218 2231 initio
1233 2169 1301 2250 qui-

320 2257 391 2318 dem
415 2256 532 2335 impetu
557 2256 710 2317 abstinuit
765 2256 844 2317 Tum
869 2275 943 2318 vero
971 2256 1153 2337 procedente
1179 2255 1231 2316 die
1260 2256 1302 2317 ed

320 2341 405 2402 urbis
420 2339 540 2402 moenia
556 2341 699 2416 accessit3
723 2341 860 2402 Thebani
874 2347 977 2403 autem
991 2342 1150 2422 eruptione
1168 2340 1249 2403 facta
1268 2342 1301 2402 in

320 2427 468 2487 adversos
491 2426 720 2506 impressionem
734 2427 887 2503 iecerunt,
911 2427 1015 2490 hostes
1035 2428 1300 2508 propulsaverunt,

251 2566 254 2573 .
320 2509 513 2590 Lysandrum
528 2510 628 2591 ipsum
642 2512 868 2575 interfecerunt.
896 2512 1065 2574 Pausanias
1079 2532 1137 2577 rex
1151 2533 1222 2574 cum
1235 2533 1300 2575 sero

253 2592 299 2658 25
321 2596 510 2670 advenisset,
538 2597 570 2656 in
591 2598 794 2679 suspicionem
815 2601 942 2660 uocatus
968 2600 1016 2659 est
1041 2598 1073 2660 id
1093 2599 1134 2660 de
1153 2599 1299 2661 industria

321 2681 443 2757 incisam
465 2681 574 2763 capitis
592 2683 688 2763 igitur
708 2689 867 2746 accusatus
888 2683 1024 2763 Tegeam
1043 2685 1180 2764 profugit
1201 2685 1298 2765 ibique

320 2768 352 2829 in
367 2768 461 2829 exilio
481 2770 619 2829 mortuus
640 2772 695 2833 est.
739 2770 789 2834 Ita
809 2770 894 2832 diem
908 2789 1083 2850 supremum
1097 2769 1173 2832 obiit
1186 2769 1298 2852 Lysan-

322 2854 387 2930 der,
402 2854 494 2916 homo
506 2853 651 2916 subdolus
666 2855 789 2936 quidem
800 2859 832 2917 et
843 2856 1030 2930 ambitiosus,
1045 2856 1191 2918 innocens
1201 2859 1298 2918 tamen

323 2942 355 3002 et
368 2940 502 3022 pecunia
511 2940 676 3016 abstinens,
693 2943 805 3024 quippe
819 2943 872 3022 qui
886 2943 919 3003 in
938 2944 1118 3023 paupertate
1134 2941 1296 3016 decederet,

254 3020 301 3088 30
324 3045 392 3088 oum
407 3027 495 3088 dives
509 3047 578 3088 esse
591 3030 702 3108 posset
