2720 4482
393 323 470 406 xx}
492 343 699 408 ornamus.
973 345 1036 411 roo

36 518 155 579 cebant.
182 515 264 586 Qua
281 518 437 579 celeritate
452 537 521 578 cum
536 537 680 598 magnam
694 517 938 580 benevolentiam
952 519 1036 597 regis

36 603 188 663 Datames
205 611 396 665 consecutus
411 611 501 678 esset,
524 623 585 665 non
600 605 746 664 minorem
761 603 909 664 invidiam
924 604 1036 665 aulico-

37 709 104 750 rum
121 689 268 769 excepit,
293 690 344 769 qui
359 691 437 768 quod
454 691 542 750 illum
556 710 651 750 unum
666 689 763 770 pluris
779 709 868 768 quam
883 709 916 748 se
931 710 1036 750 omnes

36 775 101 834 fieri
117 775 291 849 videbant,
313 777 413 845 cuncti
428 777 467 836 ad
482 796 551 837 eum
565 775 796 855 opprimendum
811 779 1034 836 consenserunt.

37 861 125 920 llaec
135 859 337 936 Pandantes,
352 881 446 940 gazae
460 868 563 922 custos
578 863 692 940 regiae,
707 862 822 922 amicus
832 861 955 922 Datami
970 881 1036 942 per·
1058 859 1080 925 5

39 951 157 1026 scripta
180 947 213 1007 ei
229 948 345 1022 mittit,
369 949 400 1008 in
420 949 528 1026 quibus
544 947 632 1008 docet
646 968 715 1008 eum
729 967 840 1026 magno
855 947 920 1008 fore
934 948 970 1008 in
985 968 1037 1028 pe-

39 1034 147 1108 riculo,
164 1032 194 1092 si
212 1033 294 1112 quid
309 1034 362 1093 illo
378 1034 546 1113 imperante
562 1033 684 1093 adversi
704 1034 737 1092 in
751 1031 895 1113 Aegypto
910 1035 1036 1096 accidis·

35 1127 100 1178 set:
121 1137 268 1198 namque
292 1138 361 1178 eam
385 1139 452 1179 esse
474 1119 724 1179 consuetudinem
738 1121 870 1196 regiam,
893 1123 927 1180 ut
949 1139 1037 1182 casus

40 1204 192 1264 adversos
222 1205 401 1265 hominibus
427 1205 574 1278 tribuant,
607 1204 755 1265 secundos
785 1206 924 1264 fortunae
950 1225 1035 1266 suae:

40 1309 99 1367 quo
115 1290 195 1364 fieri,
213 1296 254 1350 ut
270 1291 361 1351 facile
377 1291 573 1373 impellantur
588 1290 627 1350 ad
642 1309 746 1350 eorum
761 1291 940 1368 perniciem,
965 1311 1036 1369 quo·
1060 1289 1103 1352 10

44 1395 109 1434 rum
125 1377 227 1436 ductu
244 1376 393 1437 resmale
407 1383 513 1454 gestae
528 1377 719 1436 nuntientur:
739 1376 828 1435 illum
850 1376 906 1438 hoo
921 1375 1036 1437 maiore

45 1462 106 1521 lore
121 1463 155 1522 in
170 1463 366 1536 discrimine,
383 1463 464 1540 quod
480 1462 589 1540 quibus
603 1481 660 1522 rex
675 1461 808 1522 maxime
829 1462 964 1538 obediat,
985 1483 1052 1546 eos⁴
1161 1530 1163 1542 ‚

46 1547 155 1607 babeat
169 1548 414 1627 inimicissimos.
459 1547 584 1608 Talibus
599 1548 652 1607 ille
667 1548 779 1608 litteris
800 1548 944 1627 cognitio,
968 1567 1038 1609 cum

46 1631 104 1692 iam
118 1633 160 1694 ad
176 1635 356 1694 exercitum
371 1632 455 1694 Acen
470 1634 619 1705 venisset,
642 1634 722 1712 quod
744 1653 803 1694 non
826 1634 988 1712 ignorabat
1001 1653 1038 1694 ea

49 1735 118 1778 rere
133 1720 273 1798 scripta,
298 1719 465 1779 desciscere
481 1739 499 1780 a
513 1739 588 1797 rege
603 1717 768 1780 constituit.
812 1718 919 1798 Neque
936 1727 1037 1781 tamen
1061 1718 1102 1781 15

49 1804 214 1883 quidquam
234 1805 320 1881 iecit,
336 1806 415 1884 quod
430 1805 491 1865 fide
502 1825 558 1865 sua
573 1811 652 1864 esset
667 1804 835 1882 indignum.
856 1805 936 1864 Nam
951 1805 1039 1866 Mau-

52 1891 172 1951 droclen
195 1891 378 1969 Magnetem
399 1891 546 1950 exercitui
568 1890 727 1970 praefecit:
753 1890 818 1968 ipse
839 1908 908 1951 cum
928 1892 992 1950 suis
1005 1891 1038 1949 in

54 1970 282 2058 Cappadociam
297 1976 426 2037 discedit
441 1977 690 2054 coniunctamque
710 1976 779 2035 huic
794 1973 1038 2054 Paphlagoniam

53 2069 186 2140 occupat,
205 2063 313 2123 celans
328 2081 389 2142 qua
403 2063 560 2122 voluntate
576 2067 658 2121 esset
671 2062 703 2120 in
717 2081 830 2141 regem.
864 2059 951 2122 Clam
968 2080 1037 2122 cum

53 2145 261 2210 Ariobarzane
276 2149 350 2210 facit
365 2149 537 2220 amicitiam,
553 2167 676 2208 manum
692 2148 961 2228 comparat,'urbes
972 2167 1036 2208 mu·
1058 2143 1101 2209 20

54 2232 129 2292 nitas
145 2236 214 2294 suis
230 2235 363 2295 tuendas
378 2234 479 2295 tradit.
523 2261 525 2266 ’

137 2317 201 2380 Sed
225 2321 303 2380 baec
325 2328 450 2402 propter
477 2319 607 2398 hiemale
630 2321 750 2398 tempus
772 2318 872 2378 minus
894 2337 1039 2399 prospere
1061 2317 1108 2378 VI

55 2406 270 2482 procedebant.
315 2405 411 2465 Audit
425 2403 545 2473 Pisidas
560 2405 707 2483 quasdam
716 2441 718 2445 s
727 2405 827 2484 copias
842 2405 989 2466 adversus
1005 2425 1038 2464 sc

56 2507 167 2565 parare.
192 2491 312 2552 Filium
323 2511 358 2551 eo
371 2492 533 2552 Arsideum
549 2511 618 2550 cum
635 2491 772 2551 exercitu
787 2492 894 2552 mittit:
911 2491 992 2552 cadit
1005 2491 1038 2550 in

56 2577 167 2650 proelio
190 2579 378 2638 adolescens.
424 2577 629 2638 Proficiscitur
651 2596 686 2636 eo
709 2583 794 2656 pater
816 2595 875 2638 non
900 2577 944 2636 ita
969 2596 1037 2636 oum
1061 2572 1103 2637 25

18 2692 19 2704 κ
57 2677 166 2738 magna
181 2681 293 2739 manu,
320 2664 422 2723 celans
445 2672 592 2742 quantum
612 2662 725 2722 vulnus
751 2663 930 2741 accepisset,
958 2662 1039 2740 quod

17 2806 18 2821 χ
58 2747 138 2822 prius
161 2749 201 2808 ad
226 2751 343 2809 hostem
367 2750 526 2828 pervenire
549 2748 701 2826 cupiebat,
729 2767 818 2826 quam
840 2747 878 2806 de
904 2747 1040 2808 ramale

18 2864 19 2867 ¹
59 2840 143 2906 gesta
153 2835 238 2896 lama
250 2835 288 2894 ad
300 2855 370 2894 suos
381 2835 566 2913 perveniret,
580 2853 620 2892 na
631 2832 754 2910 cognita
764 2833 818 2893 filii
833 2840 931 2893 morte
945 2833 1039 2893 animi

60 2915 291 2981 debilitarentur
306 2920 448 2980 militum.
487 2919 555 2989 Quo
571 2918 768 3002 contenderat
781 2920 921 2998 pervenit
936 2919 1041 2998 eisquc
1146 2965 1148 2976 ,

59 2999 130 3062 locis
145 3014 249 3066 castra
264 3008 357 3086 ponit,
374 3013 521 3086 utusque
542 3004 696 3066 circumiri
716 3004 912 3064 multitudine
932 3003 1038 3064 adver·
1060 3000 1103 3064 30

61 3091 207 3152 sariorum
223 3100 325 3172 posset
338 3111 437 3170 neque
451 3091 606 3171 impediri,
629 3109 687 3169 quo
702 3091 803 3150 minus
818 3091 884 3170 ipse
898 3091 935 3150 ad
951 3091 1038 3151 dimi-

62 3175 187 3236 candum
203 3197 328 3238 manum
343 3179 469 3238 haberet
484 3177 667 3256 expeditam.
701 3175 777 3238 Erat
792 3195 860 3236 cum
874 3196 910 3236 eo
926 3175 1038 3237 Metro-

63 3255 215 3336 barzanes,
240 3283 326 3326 socer
341 3265 419 3337 aius,
443 3267 613 3343 praelectus
635 3261 779 3341 equitum.¹
824 3262 856 3321 Is
871 3262 1051 3342 desperatis¹

65 3350 163 3419 generi
178 3351 271 3410 rebus
286 3350 324 3409 ad
341 3351 441 3409 hostes
457 3350 629 3429 transfugit.
655 3349 691 3408 Id
704 3348 848 3409 Datames
862 3355 897 3407 ut
912 3348 1039 3422 audivit,

65 3433 167 3507 sensit,
191 3437 218 3494 si
240 3439 271 3495 in
286 3435 405 3495 turbam
427 3437 542 3495 exisset
557 3436 594 3495 ab
610 3435 807 3494 hominatum
822 3433 991 3493 necessario
1006 3453 1039 3492 se
1061 3427 1103 3492 35

66 3515 213 3594 relictum,
241 3520 377 3582 futurum
399 3530 434 3581 ut
455 3521 548 3581 ceteri
570 3521 729 3580 consilium
751 3523 956 3598 sequerentur.
1001 3519 1040 3578 In

66 3601 174 3680 vulgus
188 3607 252 3666 edit
266 3627 321 3667 suo
336 3608 422 3666 iussu
436 3606 697 3668 Metrobaraanem
719 3605 887 3686 profectum
902 3624 957 3684 pro
971 3624 1039 3685 per-

69 3681 143 3763 luga,
152 3710 209 3770 quo
218 3693 484 3774 faciliusreceptus
492 3693 795 3754 interficerethostes:
808 3710 901 3770 quare
909 3690 1040 3771 relinqui
1080 3688 1090 3705 ⁶
