2720 4482
315 381 356 448 98
642 383 733 444 XIX.
757 383 964 445 EUMENES.

312 557 440 616 haberet
454 555 598 617 universa
613 554 725 616 Sicilia.
756 554 837 616 Huic
852 555 973 634 quidam
990 555 1193 636 Laphystius‚
1210 557 1310 617 bomo

312 643 453 724 petulans
475 650 506 703 et
526 645 678 721 ingratus,
699 641 907 703 vadimonium
930 661 997 702 oum
1018 643 1113 702 vellet
1128 643 1311 722 imponere,

313 729 393 808 quod
416 748 484 788 oum
501 729 553 788 illo
569 750 601 788 se
620 730 687 805 lege
710 747 801 806 agere
824 728 951 801 diceret,
976 735 1007 787 et
1028 728 1209 806 complures
1234 748 1313 788 con-

312 818 477 874 currissent
502 816 552 893 qui
579 815 794 894 procacitatem
822 813 952 873 bominis
983 815 1122 872 manibus
1154 832 1312 874 coercere

268 896 290 960 5
314 912 501 972 conarentur,
519 900 674 961 Timoleon
690 899 788 960 oravit
803 918 915 973 omnes,
938 918 976 958 ne
991 899 1021 959 id
1038 903 1192 960 lacerent:
1219 919 1311 958 nam·

313 1006 371 1064 que
386 986 416 1044 id
433 993 465 1044 ut
481 985 645 1065 Laphystio
662 995 693 1045 et
708 987 806 1044 cuivis
823 985 941 1059 liceret,
959 1005 991 1044 se
1006 987 1159 1046 maximos
1175 985 1313 1046 labores

313 1091 489 1150 summaque
505 1073 616 1132 adiisse
630 1072 772 1151 pericula.
798 1069 885 1130 Hanc
899 1071 981 1130 enim
996 1073 1127 1150 speeiem
1141 1071 1312 1131 libertatis

312 1175 393 1230 esse,
420 1160 445 1216 si
473 1158 610 1217 omnibus
637 1158 717 1236 quod
743 1157 869 1235 quisque
895 1157 992 1216 vellet
1014 1157 1133 1236 legibus
1157 1158 1312 1237 experiri

310 1243 425 1303 liceret.
455 1244 550 1317 Idem,
567 1264 635 1303 cum
649 1244 771 1322 quidam
788 1242 946 1320 Laphystii
962 1242 1079 1315 similis,
1094 1244 1226 1303 nomine
1244 1243 1312 1302 De-

249 1323 291 1390 10
312 1340 482 1402 maenetus,
507 1331 536 1388 in
561 1331 698 1389 contione
721 1328 824 1408 populi
840 1328 878 1387 de
893 1329 983 1387 rebus
997 1329 1094 1406 gestis
1110 1329 1176 1388 eius
1194 1329 1312 1389 detra-

310 1415 383 1475 here
409 1416 558 1494 coepisset
581 1433 616 1475 ac
641 1416 786 1475 nonnulla
810 1414 1006 1474 inveheretur
1034 1415 1064 1473 in
1091 1413 1309 1488 Timoleonta,

311 1501 387 1560 dixit
407 1520 487 1559 nnnc
509 1502 630 1560 demum
653 1520 685 1560 se
709 1501 772 1560 voti
795 1519 861 1558 esse
877 1499 1067 1561 damnatum:
1088 1518 1224 1578 namque
1241 1502 1310 1560 hoc

311 1605 329 1645 a
350 1585 415 1644 deis
436 1585 657 1645 immortalibus
678 1604 798 1664 semper
818 1597 987 1664 precatum,
1011 1593 1045 1644 ut
1060 1584 1153 1646 talem
1168 1585 1310 1646 liberta·

310 1678 371 1731 tem
387 1672 559 1730 restitueret
573 1669 787 1749 Syracusanis,
811 1671 843 1729 in
863 1691 922 1749 qua
943 1670 1041 1731 cuivis
1056 1671 1164 1730 liceret
1176 1668 1217 1730 de
1234 1691 1308 1750 quo

248 1749 289 1814 15
309 1757 406 1817 vellet
421 1757 542 1836 impune
557 1757 665 1815 dicere.
711 1755 771 1816 Hic
791 1774 858 1815 oum
880 1755 960 1816 diem
976 1776 1150 1834 supremum
1167 1757 1307 1832 obisset,

310 1843 430 1923 publice
457 1861 475 1902 a
499 1842 698 1921 Syracusanis
725 1843 755 1902 in
781 1843 859 1915 foro,
891 1848 954 1902 tota
984 1843 1155 1903 celebrante
1186 1841 1305 1903 Sicilia

310 1929 446 2008 sepultus
461 1940 521 2001 est;
543 1948 633 2007 super
655 1948 723 1987 eum
748 1929 847 1989 locum
869 1933 975 2006 postea
989 1929 1193 2007 gymnasium,
1212 1930 1306 2007 quod

310 2015 549 2076 Timoleonteum
565 2015 743 2095 appellatur,
760 2022 952 2074 exstructum
966 2021 1021 2073 est.

695 2221 898 2230 —u-——ae—-n

615 2373 728 2452 ΧΙΧ.
755 2373 980 2453 Eumenes.

244 2524 263 2585 I
310 2513 465 2596 Emissae,
483 2524 659 2588 Cardianus.
698 2525 798 2586 Huius
813 2527 840 2586 si
855 2527 962 2588 virtuti
977 2546 1031 2606 par
1046 2527 1117 2588 data
1133 2530 1217 2588 esset
1231 2529 1295 2589 for·

310 2617 396 2687 tuna,
420 2633 477 2673 non
494 2613 546 2672 ille
562 2613 683 2692 quidem
699 2614 807 2687 maior,
831 2613 909 2690 quod
932 2633 1058 2691 magnos
1073 2613 1213 2674 homines
1228 2615 1292 2673 vir·

309 2706 374 2760 tute
400 2701 542 2758 metimur
569 2718 627 2759 uon
653 2699 787 2772 fortuna,
821 2699 875 2758 sed
900 2699 996 2783 multo
1022 2700 1172 2760 illustrior
1197 2712 1291 2778 atque

309 2787 399 2847 etiam
422 2785 593 2846 honoratior
614 2786 732 2845 fuisset:
759 2805 828 2844 nam
850 2805 918 2846 oum
939 2793 1023 2845 aetas
1044 2787 1110 2844 eius
1131 2785 1291 2845 incidisset

244 2865 266 2930 5
309 2873 339 2933 iu
355 2893 392 2932 ea
406 2884 551 2952 tempora,
568 2872 676 2951 quibus
690 2871 872 2932 Macedones
887 2871 1038 2946 florerent,
1054 2871 1184 2930 multum.
1198 2872 1225 2930 ei
1238 2872 1289 2929 de·

307 2959 403 3019 traxit
417 2959 496 3018 iuter
511 2977 562 3018 eos
579 2959 702 3030 viventi,
719 2959 798 3036 qnod
813 2959 930 3018 alienae
944 2955 1010 3017 erat
1024 2957 1174 3030 civitatis,
1191 2976 1288 3034 neque

308 3044 391 3103 aliud
408 3044 477 3104 huic
492 3044 588 3102 deluit
602 3063 690 3121 qnam
703 3062 850 3120 generosa
862 3043 966 3122 stirps:
981 3044 1038 3103 etsi
1054 3043 1107 3103 ille
1122 3042 1291 3102 domestico
1351 3035 1352 3058 ¹

308 3148 425 3189 summo
441 3149 552 3206 genere
569 3138 642 3202 erat,
664 3138 763 3187 tamen
775 3127 957 3186 Macedones
968 3148 1036 3188 eum
1051 3128 1109 3188 sibi
1121 3128 1290 3206 aliquando

307 3219 447 3291 anteponi
464 3215 588 3291 indigne
603 3215 746 3286 ferebant,
770 3233 866 3291 neque
881 3218 981 3273 tamen
997 3232 1056 3274 non
1076 3214 1288 3292 patiebantur:

244 3290 286 3355 10
308 3299 450 3358 vincebat
460 3300 538 3357 eninr
552 3317 654 3357 omnes
667 3316 746 3371 cura,
763 3299 931 3374 vigilantia,
947 3299 1101 3380 patientia,
1118 3299 1290 3360 calliditate

307 3395 338 3446 et
353 3386 507 3445 celeritate
524 3385 636 3462 ingenii
676 3382 736 3442 Hic
750 3385 1050 3463 peradulesbeutulus
1064 3386 1102 3446 ad
1118 3386 1287 3444 amicitiam

307 3472 435 3532 accessit
450 3471 593 3550 Philippi,
608 3469 761 3549 Amyntae
776 3469 845 3540 filii,
869 3471 1013 3550 brevique
1036 3477 1171 3551 tempore
1193 3472 1224 3530 in
1242 3473 1286 3530 in·

307 3559 409 3618 timum
424 3568 563 3637 pervenit
573 3555 818 3618 familiaritatem.
843 3557 995 3634 Fulgebat
1006 3559 1085 3618 enim
1098 3559 1157 3617 iam
1170 3558 1201 3616 in
1213 3557 1284 3616 ado·

307 3643 473 3704 lescentnlo
489 3644 606 3703 indoles
619 3642 749 3702 virtutis.
780 3642 886 3721 ltaque
902 3663 970 3704 eum
986 3644 1092 3703 habuit
1107 3643 1143 3703 ad
1160 3661 1283 3702 manum

242 3720 285 3786 15
306 3730 422 3790 scribae
437 3731 516 3791 loco:
532 3730 611 3808 quod
626 3729 720 3790 multo
736 3730 816 3810 apud
829 3727 961 3791 Graecos
976 3729 1222 3792 honorificentius
1236 3729 1283 3787 est
