2730 4460
346 377 406 437 ΠΙ,
430 373 659 437 ARISTIDES.
953 375 994 438 21

13 546 234 628 proferebatur,
250 547 434 610 traditurum
449 545 643 628 respondisse
658 547 785 624 dicitu,
809 547 950 610 oblivisci
966 568 1000 609 se

12 632 110 693 malle
128 631 260 707 discere,
282 633 372 694 oredo
393 633 474 712 quod
497 633 664 695 haerebant
683 633 716 693 in
731 633 885 709 memoria,
909 653 999 714 quae

12 737 134 798 cunque
149 717 289 779 audierat
303 719 355 779 vel
369 717 497 782 viderat.
540 717 631 780 Illius
649 719 785 780 consiliis
806 720 921 783 iactum
943 722 999 794 est,

12 807 50 864 ut
59 800 171 864 Graeci
186 823 227 866 ax
241 803 375 884 ingentis
389 803 464 865 belli
477 803 645 866 terroribus
653 805 789 867 victores
799 805 1000 880 discederent,

11 909 51 951 ac
65 887 125 949 nisi
139 888 194 949 ille
213 889 336 965 fuisset,
358 889 439 951 haud
460 890 522 951 scio
545 909 584 952 an
600 887 731 953 Graecia
750 891 877 972 impetui
892 891 1000 952 barba·
1021 886 1043 951 5

11 994 120 1036 rorum
135 975 353 1036 succubuisset.
399 974 541 1036 Eundem
563 979 665 1037 tamen
686 977 734 1037 sui
748 976 826 1038 lucri
842 975 1001 1038 studiosis·

12 1062 137 1136 simum,
150 1061 373 1136 avarissimum,
383 1063 505 1142 praeter
514 1061 637 1122 modum
645 1062 847 1137 ambitiosum,
857 1061 1003 1124 callidum

11 1146 120 1221 fuisse,
136 1145 211 1208 satis
226 1146 324 1208 multa
341 1147 484 1228 exempla
497 1146 614 1209 docent.
651 1147 694 1208 Et
706 1153 791 1208 recte
806 1145 912 1209 Cicero
929 1145 1004 1208 dicit

10 1233 98 1293 hunc
112 1232 145 1292 in
159 1231 198 1292 iis
212 1231 316 1308 fuisse,
333 1231 385 1313 qui
400 1232 492 1293 facila
508 1233 652 1308 celarent,
669 1234 814 1307 tacerent,
831 1232 1003 1293 dissimula·

10 1319 94 1393 rent,
115 1316 345 1394 insidiarentur,
369 1319 579 1400 praeriperent
601 1318 734 1380 hostium
756 1317 896 1392 consilia,
921 1316 1002 1398 quod
1025 1314 1067 1378 10

9 1403 90 1464 satis
105 1421 146 1464 ex
159 1403 198 1463 iis
211 1410 346 1484 apparet,
363 1424 440 1484 quae
454 1405 493 1466 de
504 1424 540 1466 eo
549 1405 749 1467 narravimus.
773 1401 875 1467 Unum
888 1403 1003 1465 addere

10 1489 132 1570 placet,
166 1509 291 1568 exque
322 1489 488 1569 singularis
521 1491 667 1572 pecuniae
698 1490 807 1571 cupido
835 1489 925 1551 huius
951 1489 1003 1549 vel

9 1573 151 1636 maxime
166 1575 308 1653 cognosci
322 1575 427 1656 possit.
467 1573 545 1637 Oum
561 1573 672 1638 Graeci
688 1575 843 1637 deradito
858 1577 896 1637 ab
911 1573 1002 1636 Arte

8 1659 103 1722 misio
114 1660 251 1742 parando
263 1662 442 1741 cogitarent,
460 1661 578 1723 incolae
589 1661 732 1724 Euboeae
744 1661 863 1723 insulae
874 1660 1004 1740 triginta

8 1746 131 1808 talenta
151 1745 181 1805 ei
200 1746 363 1823 miserunt,
392 1767 444 1807 ne·
459 1747 544 1828 prius
573 1747 680 1810 classis
702 1747 774 1808 inde
796 1745 1003 1821 reduceretur,
1026 1739 1068 1806 15

8 1851 109 1910 quam
129 1849 164 1890 se
178 1848 293 1910 suaque
305 1831 340 1891 in
354 1835 454 1892 tutum
474 1833 681 1893 contulissent.
725 1831 767 1893 Et
781 1831 1002 1894 Themistocles

9 1915 189 1997 Eurybiadi
200 1915 323 1994 quidem
334 1915 574 1978 Lacedaemonio
586 1918 726 1997 quinque,
741 1916 906 1978 Adimanto
918 1935 1003 1990 vero,

10 1999 246 2062 Corinthiorum
270 2000 354 2075 duci,
386 2001 447 2062 tria
466 2001 595 2078 talenta,
626 2003 662 2062 ut
682 2001 721 2062 iis
742 2001 775 2062 id
796 2001 1003 2083 persuaderet,

7 2085 141 2162 obtulit,
164 2085 220 2146 sod
235 2085 294 2146 sibi
309 2084 455 2148 maiorem
469 2089 589 2168 partem
603 2087 775 2150 reservavit
789 2093 821 2148 et
835 2085 1004 2148 maximum

6 2171 137 2231 lucrum
155 2170 242 2246 fecit,
268 2191 338 2233 oum
358 2177 517 2254 praeterea
538 2170 601 2232 illis
622 2192 658 2233 sa
671 2172 755 2234 iussu
770 2171 1004 2234 Atheniensium
1026 2167 1069 2234 20

7 2275 84 2318 eam
98 2256 259 2337 pecuniam
274 2256 397 2319 dedisse
413 2257 579 2319 simularet.

406 2531 610 2541 ----

342 2749 423 2830 lll.
450 2748 676 2830 Aristides.

7 2925 192 3013 Anrsrmrs,
210 2936 387 3020 Lysimachi
400 2937 491 3013 filius,
507 2934 704 2997 Atheniensis
719 2936 856 3017 aequalis
870 2937 934 2998 fere
947 2936 1007 2999 suit
1027 2937 1044 2998 Ι

7 3023 227 3088 Themistocli.
270 3022 304 3083 Is
325 3023 392 3084 sine
414 3022 506 3084 dubio
521 3021 654 3102 optimus
669 3022 700 3084 et
714 3021 900 3084 iustissimus
915 3022 1005 3085 homo

5 3109 152 3170 Athonis
165 3108 224 3170 suit
238 3108 374 3188 adeoque
387 3108 561 3170 excellebat
574 3108 763 3184 innocentia,
786 3109 821 3170 ut
844 3127 922 3170 unus
937 3112 1007 3190 post

1 3192 177 3256 hominnm
187 3194 372 3270 memoriam,
385 3214 476 3275 quem
488 3192 611 3276 quidem
620 3213 675 3256 nos
688 3193 884 3270 audierimus,
896 3213 1005 3274 cogno

2 3279 103 3342 mine
123 3277 222 3338 iustus
236 3278 278 3340 sit
298 3280 478 3360 appellatus.
514 3276 591 3340 Oum
612 3278 773 3359 aliquando
795 3280 1007 3342 adversarium
1027 3277 1049 3342 5

2 3367 41 3427 in
68 3361 220 3423 iudicium
241 3364 427 3441 vocavisset,
458 3384 528 3427 cum
551 3364 667 3425 iudices
689 3365 880 3428 accusatione
902 3365 1007 3426 audita

5 3468 99 3526 eum,
115 3448 339 3530 undepetebat,
351 3450 455 3512 andire
466 3450 593 3526 nollent,
608 3451 663 3511 sed
674 3450 778 3512 statim
790 3453 825 3512 ut
836 3449 1007 3512 sententiae
1072 3441 1079 3472 ³

4 3537 194 3598 dicerentur
220 3538 396 3616 poscerent,
425 3535 492 3616 ipse
515 3535 715 3616 supplicavit,
746 3538 781 3597 ut
809 3534 1005 3598 adversarius

4 3620 176 3686 audiretur
196 3621 285 3702 eique
305 3620 354 3682 ius
374 3640 464 3682 suum
488 3621 677 3683 redderetur.
728 3620 817 3682 Idem
837 3637 907 3682 cum
925 3621 1006 3684 inter

2 3707 156 3792 privatos
170 3707 247 3769 duos
262 3707 399 3770 homines
410 3707 498 3770 litem
509 3706 676 3784 dirimeret,
692 3707 788 3770 altaro
805 3706 934 3784 dicente,
951 3708 1002 3769 ad·
1029 3704 1071 3770 10
