2720 4482
288 323 350 386 132
676 321 859 387 urricus.
986 399 991 414 ,

287 517 345 578 que
368 498 516 577 gravibus
542 495 684 577 procellis
710 495 849 556 civilibus
874 495 914 557 ad
935 494 1174 557 incolumitatem
1193 513 1264 576 per·

286 583 428 644 venerit?

214 666 266 728 XI
361 668 492 739 >Quibus
503 688 544 729 ex
553 667 641 729 malis
656 668 690 726 ut
703 684 737 725 se
751 665 882 742 emersit,
896 665 972 726 nihil
983 665 1066 727 aliud
1081 667 1151 746 egit,
1169 684 1266 746 quam

286 757 321 815 ut
334 754 474 835 plurimis
489 752 597 833 quibus
612 753 703 813 rebus
718 753 821 831 posset
836 754 916 812 esset
930 752 1054 813 auxilio,
1101 748 1179 812 Cum
1194 772 1266 832 pro-

242 835 264 898 5
286 841 415 920 scriptos
431 840 572 921 praemiis
587 838 803 918 imperatorum
816 836 930 916 vulgos
945 838 1149 916 conquireret,
1174 857 1265 899 nemo

285 927 318 987 in
332 925 461 1006 Epirum
475 925 569 1000 venit,
586 924 634 984 oui
648 942 698 983 res
708 922 773 982 ulla
783 922 921 999 defuerit,
936 923 1050 984 nemini
1064 943 1123 984 non
1138 921 1182 983 ibi
1197 943 1269 1004 per-

285 1013 377 1092 petuo
393 1010 534 1072 manendi
549 1011 682 1090 potestas
697 1009 777 1070 facta
791 1011 845 1070 est
891 1009 973 1080 Quin
988 1008 1079 1070 etiam
1094 1011 1165 1089 post
1178 1027 1271 1090 proe-

284 1097 361 1156 lium
375 1095 571 1176 Philippense
584 1094 798 1173 interitumque
812 1091 848 1154 G.
864 1091 961 1154 Cassii
972 1103 1003 1154 et
1013 1093 1054 1155 M.
1066 1093 1156 1156 Bruti
1167 1094 1201 1155 L.
1216 1096 1272 1155 Iu-

286 1180 361 1242 lium
375 1179 531 1242 Mocillam
545 1181 730 1263 praetorium
752 1183 784 1240 et
804 1179 901 1240 fflium
924 1180 987 1239 eins
1002 1179 1177 1259 Aulumque
1192 1180 1271 1241 Tor-

224 1261 266 1324 10
287 1270 412 1346 quatum
433 1272 608 1346 ceterosque
630 1266 696 1346 pari
717 1266 838 1326 fortuna
857 1266 1012 1345 perculsos
1034 1266 1166 1326 institnit
1186 1267 1269 1327 tueri

287 1358 378 1432 atque
393 1373 433 1412 ex
443 1353 536 1435 Epiro
551 1353 599 1414 his
614 1351 714 1413 omnia
729 1348 966 1412 Samothraciam
980 1352 1151 1430 supportari
1167 1351 1269 1412 iussit.

287 1437 418 1498 Difficile
442 1444 489 1498 est
510 1438 610 1499 omnia
631 1437 787 1516 persequi,
804 1440 835 1497 et
848 1456 908 1496 non
924 1437 1135 1498 necessarium.
1183 1436 1271 1497 Illud

287 1543 380 1582 unum
402 1523 535 1602 intelligi
558 1523 712 1596 volumus,
736 1522 818 1581 illius
839 1521 1051 1583 liberalitatem
1072 1542 1171 1602 neque
1192 1525 1271 1582 tem-

287 1606 439 1688 porariam
453 1628 551 1687 neque
566 1607 709 1667 callidam
720 1606 821 1667 fuisse.
845 1606 884 1666 Id
895 1628 935 1668 ex
945 1607 1020 1686 ipsis
1035 1609 1124 1668 rebus
1140 1627 1177 1669 ac
1192 1611 1270 1668 tem-

226 1687 267 1750 15
289 1693 412 1774 poribus
423 1693 552 1753 iudicari
562 1695 671 1772 potest,
687 1692 767 1772 quod
778 1712 836 1753 non
848 1693 1023 1754 florentibus
1039 1713 1072 1753 se
1083 1693 1269 1769 venditavit,

289 1778 344 1838 sed
355 1779 474 1840 afflictis
486 1798 605 1858 semper
616 1780 778 1839 succurrit:
795 1778 847 1858 qui
858 1780 979 1857 quidem
990 1777 1161 1854 Serviliam,
1179 1778 1270 1840 Bruti

290 1865 435 1940 matrem,
459 1885 519 1926 non
532 1865 632 1925 minus
654 1866 722 1945 post
744 1868 872 1924 mortem
894 1866 972 1939 eius,
995 1883 1085 1944 quam
1108 1865 1270 1926 florentem

290 1951 424 2010 coluerit.
470 1948 519 2010 Sic
541 1950 724 2010 liberalitate
745 1952 833 2009 utens
855 1950 955 2010 nullas
971 1949 1144 2010 inimicitias
1160 1951 1269 2030 gessit,

290 2036 369 2114 qnod
384 2056 481 2114 neque
495 2037 636 2096 laedebat
651 2054 831 2113 quemquam
846 2054 951 2114 neque,
976 2036 1002 2095 si
1018 2055 1107 2114 quam
1123 2035 1269 2096 iniuriam

224 2113 267 2178 20
290 2126 457 2200 acceperat,
473 2142 532 2182 nen
547 2120 679 2182 malebat
694 2120 832 2182 oblivisci
847 2139 936 2199 quam
953 2121 1066 2181 ulcisci.
1107 2120 1197 2180 Idem
1213 2122 1269 2181 im·
1339 2143 1341 2192 l

288 2207 409 2267 mortali
424 2208 569 2269 memoria
583 2209 725 2286 percepta
739 2205 888 2266 retinebat
902 2207 1055 2285 beneficia,
1072 2225 1148 2285 quae
1165 2209 1270 2268 autem
1339 2227 1340 2286 q

288 2293 354 2372 ipse
368 2292 523 2369 tribuerat,
540 2292 656 2354 tamdiu
671 2291 863 2367 meminerat,
885 2293 983 2370 quoad
999 2293 1052 2352 ille
1067 2295 1176 2370 gratus
1191 2296 1267 2366 erat,
1338 2333 1339 2380 q

289 2377 341 2454 qui
356 2382 521 2456 acceperat.
565 2377 736 2456 Itaquedric
750 2378 837 2452 fecit,
859 2381 892 2436 ut
907 2397 979 2438 vere
995 2379 1110 2437 dictum
1126 2377 1268 2438 videatur
1337 2415 1338 2474 t

22 2495 96 2511 ω»
291 2459 356 2520 Sui
371 2463 509 2540 quique
525 2482 646 2522 mores
664 2461 820 2538 fingunt
835 2463 1025 2524 fortunam
1040 2463 1265 2524 hominibus.

225 2540 268 2607 25
290 2545 397 2624 Neque
412 2549 513 2608 tamen
527 2547 580 2606 ille
594 2547 679 2626 prius
694 2545 845 2606 fortunam
860 2567 950 2626 quam
966 2551 998 2609 s'e
1013 2550 1079 2627 ipse
1093 2549 1193 2624 finxit,
1217 2549 1267 2628 qui
1335 2591 1336 2662 q

121 2705 123 2710 ⁴
291 2632 380 2707 cavit,
396 2651 434 2692 ne
450 2633 553 2712 quain
568 2653 601 2692 re
616 2632 681 2692 iure
695 2632 885 2711 plecteretur.

204 2713 269 2777 XII
375 2717 434 2778 His'
448 2720 543 2798 igitur
556 2719 647 2779 rebus
662 2718 767 2792 effecit,
783 2722 817 2779 ut
831 2718 872 2777 M.
884 2719 1049 2799 Vipsanius
1060 2716 1208 2799 Agrippa,
1224 2719 1266 2778 in-

291 2803 365 2864 tima
386 2805 591 2866 familiaritate
620 2805 796 2865 coniunctus
823 2805 1006 2865 adolescenti
1031 2801 1170 2879 Caesari,
1199 2824 1265 2865 cum

291 2891 415 2970 propter
429 2910 516 2951 suam
537 2890 668 2970 gratiam
690 2895 720 2950 et
736 2888 874 2950 Caesaris
889 2891 1054 2969 potentiam
1069 2890 1183 2950 nullius
1200 2909 1266 2950 con·

228 2969 270 3033 30
292 2975 419 3035 dicionis
434 2996 493 3038 non
508 2977 633 3037 haberet
647 2979 843 3056 potestatem,
866 2977 1057 3054 potissimum
1072 2976 1137 3036 eius
1153 2975 1266 3054 delige-

291 3063 340 3121 ret
354 3061 531 3122 affinitatem
546 3067 797 3142 praeoptaretque
809 3061 918 3139 equitis
931 3061 1060 3122 Romani
1070 3061 1163 3122 filiam
1175 3081 1266 3139 gene-

292 3163 430 3206 rosarum
445 3147 565 3226 nuptiis.
598 3146 700 3226 Atque
715 3147 821 3206 harum
836 3147 1007 3226 nuptiarum
1023 3146 1196 3208 conciliator
1210 3147 1268 3207 fuit
1285 3193 1289 3200 .

292 3225 368 3312 (non
399 3233 445 3290 est
475 3233 556 3292 enim
585 3229 757 3314 celandum)
785 3232 826 3292 Μ.
852 3231 1014 3308 Antonius,
1050 3232 1191 3300 triumvir
1223 3234 1269 3292 rei

292 3315 432 3394 publicae
451 3317 685 3377 constituendae.
717 3314 810 3377 (luins
825 3318 924 3396 gratia
940 3338 1007 3378 cum
1022 3337 1134 3398 augere
1148 3337 1268 3397 posses-

230 3395 272 3460 35
294 3401 394 3463 aiones
409 3404 511 3483 posset
526 3422 605 3477 suas,
622 3405 739 3464 tantum
755 3403 831 3462 afuit
846 3422 863 3463 a
878 3404 1042 3484 cupiditate
1056 3403 1217 3483 pecuniae,
1236 3408 1269 3464 ut

293 3487 378 3548 nulla
392 3487 423 3547 in
438 3507 471 3548 re
486 3508 558 3549 usus
573 3489 613 3549 sit
627 3508 678 3563 ea,
701 3487 760 3548 nisi
774 3488 805 3547 in
821 3489 1018 3569 depreoandis
1034 3489 1200 3550 amicorum
1216 3495 1268 3551 aut
1285 3525 1287 3530 ,

293 3573 437 3652 periculis
453 3577 506 3634 aut
519 3574 723 3636 incommodis.
747 3572 837 3642 Quod
852 3576 972 3654 quidem
987 3576 1043 3635 sub
1058 3576 1268 3655 ipsaprcsori-

293 3660 396 3739 ptione
411 3660 585 3741 perillustre
599 3661 665 3721 fuit.
709 3659 787 3721 Nam
804 3680 871 3721 oum
886 3659 919 3722 L.
936 3659 1057 3737 Saufeii,
1082 3661 1192 3741 equitis
1207 3660 1267 3724 Ro-
