2748 4486
325 351 369 417 46
652 353 725 416 VII.
747 351 980 417 sisennus.

324 527 405 625 hanc
419 544 544 588 oausam
558 525 751 626 dictitassent
764 525 825 588 sibi
840 545 908 624 esse
923 525 1007 603 belli,
1026 527 1062 588 ut
1075 524 1319 590 Atheniensium

324 611 1216 780 sctislcrrtrstrtssrrsarta
1232 613 1320 758 {ll-‘l

326 782 411 846 aliud
430 783 554 846 molitus
577 787 639 860 est,
659 782 719 844 nisi
739 785 776 844 ut
795 801 899 844 omnes
922 782 1062 846 civitates
1076 784 1109 844 in
1123 801 1181 846 sna
1196 786 1321 845 teneret

282 865 492 950 hpotestatc,
529 887 600 930 cum
627 868 659 931 id
688 887 722 930 se
749 867 1061 932 Lacedaemoniorum
1089 887 1184 931 cansa
1213 869 1322 930 facere

326 954 493 1016 simularet.
536 954 676 1034 Namque
702 953 851 1034 undique,
882 954 934 1034 qui
959 952 1196 1016 Atheniensium
1222 955 1321 1015 rebus

327 1040 515 1114 studuerunt,
531 1039 637 1102 eiectis
652 1039 746 1101 denos
764 1040 923 1119 delegarat
936 1039 969 1100 in
982 1059 1164 1122 unaquaque
1176 1040 1318 1116 civitate,

327 1125 438 1204 quibus
453 1143 606 1188 summum
619 1125 781 1206 imperium
795 1127 1038 1207 potestatemque
1056 1126 1195 1188 omnium
1209 1145 1317 1187 rerum

327 1211 539 1273 committeret.
584 1210 704 1273 Horum
724 1210 757 1272 in
780 1231 941 1272 numerum
966 1231 1055 1274 nemo
1081 1211 1315 1288 admittebatur,

263 1293 304 1358 10
326 1297 387 1358 nisi
408 1297 461 1376 qui
481 1302 535 1360 aut
556 1297 622 1358 eius
642 1296 773 1378 hospitio
793 1297 1007 1374 contineretur,
1030 1300 1084 1358 aut
1097 1317 1132 1358 se
1146 1296 1234 1358 illius
1248 1299 1316 1359 fore

326 1383 483 1464 proprium
500 1383 562 1445 fide
576 1383 779 1448 confirmarat.
822 1382 873 1444 Ita
886 1382 1084 1444 decemvirali
1103 1385 1261 1465 potestate
1281 1384 1314 1444 in

326 1469 466 1530 omnihus
481 1468 609 1530 urbibus
624 1469 789 1530 constituta
802 1469 899 1550 ipsius
909 1471 986 1530 nutu
1002 1468 1103 1532 omnia
1113 1469 1314 1549 gerebantur.

324 1553 396 1622 Qua
416 1553 545 1635 perfidia
564 1556 597 1652 et
617 1554 799 1654 crudelitate
821 1574 858 1618 ea
871 1554 904 1616 in
917 1574 952 1616 re
966 1574 1040 1618 usus
1054 1554 1108 1631 sit,
1132 1555 1197 1616 iam
1220 1573 1314 1637 supra

261 1718 302 1784 15
325 1639 1312 1807 resisteretur.stercoralis

294 1835 301 1854 ·
323 1811 430 1870 rentur
444 1811 476 1870 et
486 1809 701 1873 Pharnabazus
713 1831 841 1891 quoque,
856 1813 1029 1892 praelectus
1040 1811 1133 1891 regis,
1145 1831 1218 1873 eum
1230 1811 1312 1893 apud

323 1894 537 1976 magistratum
560 1893 869 1958 Lacedaemoniorum
890 1901 1061 1971 acerbaret,
1083 1897 1166 1977 quod
1186 1898 1313 1978 provin·

324 1980 403 2044 ciam
424 1999 511 2044 suam
533 1983 693 2058 vexasset,
716 1982 818 2063 ipsum
839 1983 960 2044 scutula
972 1982 1068 2044 missa
1081 1983 1204 2044 domum
1220 2001 1313 2045 revo-

324 2070 486 2142 caverunt,
510 2067 747 2130 decemviralem
768 2071 869 2130 autem
890 2071 1073 2150 potestatem
1094 2068 1180 2129 abeo
1196 2069 1314 2129 consti-

258 2146 301 2210 20
323 2155 421 2215 tutam
436 2153 632 2216 sustulerunt.

255 2319 302 2382 VI
411 2321 594 2404 Priusquam
607 2313 867 2384 Lacedaemonem
882 2323 1012 2400 rediret,
1037 2324 1127 2405 petiit
1139 2323 1158 2384 d
1169 2320 1311 2386 Pharna-

322 2406 414 2482 bazo,
438 2426 529 2487 quem
552 2407 646 2468 sciret
666 2407 950 2471 aLacedaemoniis
964 2409 1091 2492 plurimi
1104 2409 1185 2485 lieri,
1210 2412 1248 2470 ut
1269 2409 1309 2470 ad

323 2491 453 2572 ephoros
468 2479 527 2552 sibi
541 2493 750 2555 testimonium
764 2494 860 2572 daret,
876 2498 989 2575 quanta
1009 2495 1170 2560 sanctitate
1191 2493 1310 2556 bellum

323 2577 472 2656 gessisset
491 2576 648 2657 sociosque
670 2581 834 2641 tractasset
854 2580 953 2661 deque
974 2600 1012 2642 ca
1027 2601 1062 2643 re
1076 2582 1221 2643 accurate
1236 2581 1309 2642 scri·

257 2656 300 2726 25
322 2663 422 2740 beret,
442 2681 586 2743 magnam
611 2664 692 2726 enim
712 2665 778 2726 cius
793 2667 1006 2729 auctoritatem
1019 2667 1052 2728 in
1066 2685 1103 2730 ea
1115 2685 1151 2728 re
1164 2666 1308 2728 futuram.

320 2747 403 2812 Huic
425 2747 479 2810 ills
498 2748 666 2813 liberaliter
686 2751 861 2832 pollicetur;
890 2753 1003 2814 librum
1023 2753 1172 2834 grandem
1201 2751 1309 2814 multis

320 2836 424 2898 uerbis
445 2836 637 2918 perscripsit,
659 2837 691 2899 in
714 2838 824 2918 quihus
845 2839 972 2901 summis
986 2859 1057 2900 enm
1078 2838 1139 2900 lert
1152 2837 1308 2900 laudibus.

321 2921 422 2992 Quem
437 2941 505 2984 oum
520 2923 648 3004 legisset
662 2924 887 3004 probassetqne,
903 2924 976 2986 dum
991 2924 1146 3004 signatur,
1166 2926 1310 3004 satrapes

321 3008 451 3070 alterum
466 3009 533 3089 pari
547 3009 760 3088 magnitudine
773 3013 858 3072 tanta
880 3009 1092 3086 similitudine,
1116 3012 1153 3070 ut
1174 3009 1309 3070 discerni

255 3086 298 3150 30
320 3112 381 3154 non
402 3097 522 3173 posset,
544 3094 699 3174 signatum
715 3093 854 3172 subiecit,
873 3095 906 3156 in
921 3115 980 3176 qno
996 3094 1227 3158 accuratissime
1241 3095 1308 3157 eius

321 3177 481 3240 avaritiam
495 3179 714 3260 perfidiamque
730 3183 897 3243 accusarat.
920 3181 1081 3264 Lysander
1096 3183 1223 3243 domum
1238 3199 1306 3242 cum

318 3261 463 3340 redisset,
487 3268 648 3345 postqdam
670 3266 709 3328 de
731 3267 795 3328 suis
815 3268 907 3329 rebus
928 3267 1024 3348 gestis
1039 3268 1121 3350 apud
1135 3265 1308 3330 maximum

319 3348 534 3429 magistratum
557 3369 634 3430 quae
655 3351 797 3414 voluerat
811 3351 906 3426 dixit,
927 3353 1095 3416 testimonii
1109 3353 1177 3416 loeo
1191 3352 1306 3414 librum

319 3453 338 3498 a
352 3434 550 3498 Pharnabazo
573 3436 679 3500 datum
693 3437 829 3500 tradidit.
871 3437 963 3500 Hunc
978 3441 1128 3502 summoto
1142 3437 1304 3519 Lysandro

254 3514 297 3578 35
320 3539 390 3583 cum
416 3521 521 3603 ephori
546 3526 741 3602 cognossent,
767 3523 829 3604 ipsi
852 3525 1018 3605 legendum
1044 3525 1202 3589 dederunt.
1254 3523 1305 3584 Ita

317 3605 372 3668 ille
385 3607 563 3688 imprudens
577 3608 643 3690 ipse
658 3627 732 3669 suus
746 3606 805 3670 tuit
825 3614 993 3674 accusator.
1038 3610 1110 3682 Qua
1129 3630 1163 3672 re
1184 3611 1303 3692 pertur-

317 3691 417 3771 batus,
444 3691 478 3758 ut
500 3694 647 3758 inuidiam
662 3691 819 3775 effugeret,
846 3697 886 3759 ad
901 3697 1057 3760 oraculum
1077 3695 1163 3760 Iovis
1178 3695 1304 3758 Ammo-
