2748 4486
393 365 453 426 m.
476 361 708 426 summus.
1001 362 1045 428 23

53 535 267 611 commodum,
297 536 354 596 sed
381 535 464 616 quod
489 534 629 596 omnibus
656 533 853 611 conduceret,
882 537 1042 616 spectaret.

56 621 139 686 (ium
165 622 275 684 urbem
306 620 506 701 relinqueret,
538 638 647 681 manus
673 621 713 681 ed
738 620 857 681 eoelum
883 620 1045 690 sustulisse

30 709 182 785 »diuitum
205 706 301 769 ediis
314 723 457 788 presens,
479 724 518 766 ue
539 723 684 785 umquam
699 709 820 786 tempus
834 705 962 781 ueniret,
983 725 1044 787 que

57 794 192 876 populus
223 794 386 872 urgeretur
411 787 558 852 Aristidis
587 790 751 852 reminisci.
806 790 868 852 Hie
895 809 1044 854 annerum

55 882 167 941 desen
181 877 355 958 legitimum
370 877 495 938 exilium
516 895 577 938 non
601 876 736 958 pertulit.
780 875 860 938 Nam
883 879 1043 959 postquam
1065 873 1086 936 ὃ

57 966 187 1028 Xerxes
208 983 250 1024 ex
273 960 403 1026 (lrasola
425 965 494 1044 pest
513 979 649 1044 pugnam
673 960 870 1026 Salaminiam
892 963 1041 1041 discessit,
1139 955 1143 966 ’

57 1049 245 1133 pepuliseito
273 1049 306 1110 in
332 1048 464 1130 patriam
489 1048 648 1109 restitutus
675 1052 730 1108 est.
774 1048 920 1110 Interfuit
942 1051 1045 1112 sertem
1066 1045 1119 1111 ΠΙ

57 1155 182 1218 pugnae
197 1132 392 1210 Salaminiae,
407 1151 484 1214 quae
497 1134 580 1194 seete
593 1136 648 1207 est,
664 1137 825 1214 antequam
839 1140 1044 1213 reveesretur,

58 1223 115 1286 tali
129 1221 232 1282 modo.

147 1389 227 1452 Cum
250 1390 344 1450 duees
370 1385 559 1450 Graecorum
578 1387 739 1450 eonsilium
757 1388 904 1450 haberent
930 1390 1043 1452 delibe-
1067 1389 1109 1452 10

60 1479 233 1556 rareutqae,
254 1477 358 1536 utrum
380 1475 542 1556 expediret
555 1493 625 1535 eum
644 1475 783 1536 hostibus
804 1475 981 1555 oonfligere,
1005 1496 1044 1538 sn

59 1565 135 1643 fuga
146 1562 282 1623 salutem
297 1563 401 1640 petere
416 1565 448 1621 et
463 1560 501 1621 ad
516 1559 667 1622 Isthmum
682 1579 715 1621 se
731 1559 875 1642 recipere,
892 1560 1044 1624 Aristides

59 1649 204 1712 narieula
218 1647 366 1708 adrentus
381 1645 466 1707 affuit
480 1648 511 1706 et
526 1644 771 1721 Themistoclem,
788 1651 912 1728 propter
925 1649 1044 1727 magni·

2 1803 3 1809 ἵ
62 1735 201 1796 tudinem
214 1730 422 1814 praesentium
444 1731 593 1792 melorum
613 1731 778 1794 simultatis
792 1733 906 1794 ueteris
922 1735 1042 1810 oblitus,

2 1827 3 1830 ’
63 1817 254 1898 colloquendi
276 1835 369 1879 eausa
388 1817 532 1878 evocavit
552 1836 681 1898 eumque
695 1818 824 1894 edocuit,
842 1816 975 1880 Graseos
990 1839 1044 1881 uu·
1068 1813 1110 1879 15

64 1905 159 1983 dique
179 1903 344 1965 abarbaris
358 1903 582 1965 eimnmventos
602 1903 714 1977 teneri,
738 1903 782 1963 ita
795 1912 830 1964 ut
843 1904 936 1982 fugae
950 1904 1044 1965 ieeul-

67 1988 197 2051 tesiam
220 2007 276 2050 non
298 1991 389 2050 esset.
440 1987 659 2049 Themistocles
681 1988 713 2048 id
735 2005 754 2048 a
775 2007 809 2048 se
830 1993 1044 2069 praeparatum

63 2075 228 2157 professus,
245 2075 333 2154 petiit
347 2074 386 2136 ab
400 2072 551 2148 Aristide,
573 2077 608 2133 ut
628 2073 817 2134 introductus
838 2074 871 2133 in
886 2073 1045 2135 eonsilium

62 2162 94 2222 id
108 2161 175 2242 ipse
192 2163 310 2221 eeteros
332 2161 425 2221 duoee
447 2159 601 2233 edoceret,
625 2177 694 2219 oum
713 2158 772 2218 sibi
787 2159 938 2220 nuntianti
953 2159 1046 2221 fidem

62 2266 121 2308 non
134 2248 242 2308 essent
255 2245 397 2307 habituri.
443 2243 491 2304 Ao
504 2263 543 2305 ne
557 2241 688 2307 Aristidi
702 2244 827 2324 quidem
842 2245 1044 2322 erediderunt,
1068 2237 1111 2303 20

63 2333 159 2399 deuse
173 2331 355 2410 transfugae
368 2330 465 2405 Tenii,
482 2329 533 2409 qui
548 2330 665 2392 triremi
680 2333 838 2405 venerant,
859 2349 925 2392 rem
940 2331 1046 2394 eonfir-

64 2421 193 2479 msrsut.
239 2417 322 2477 Dum
336 2416 487 2496 proelium
502 2416 688 2478 maritimum
702 2417 784 2497 apud
799 2414 953 2478 Salamina
967 2437 1046 2479 eom·

64 2503 212 2576 mittitur,
233 2500 387 2563 Aristides
408 2501 569 2582 permultis
591 2502 696 2581 gravis
711 2505 885 2564 armaturae
899 2503 1047 2565 militibus

63 2586 906 2752 wilieldltlltlulffllllultlfflll
918 2607 1049 2754 ,lull
1070 2667 1112 2730 ιι

65 2760 168 2840 paullo
183 2760 255 2839 pest
270 2763 431 2820 reveeatus
447 2775 525 2818 anno
547 2757 718 2838 insequenti
733 2759 797 2818 dux
811 2757 869 2819 init
883 2757 1049 2820 Athenien·

65 2846 144 2906 sium
164 2844 247 2925 apud
266 2843 419 2918 Plataeas,
442 2861 512 2903 eum
531 2845 598 2905 este
613 2843 737 2904 milibus
756 2843 863 2922 gravis
877 2847 1050 2905 armaturae

66 2931 97 2992 in
111 2949 207 2992 eornn
221 2929 345 2992 sinistro
365 2929 556 2991 constitutus.
600 2928 681 2990 Num
696 2927 850 3006 Tegeatae
870 2947 940 2989 eum
955 2927 1049 2989 Athe

66 3015 223 3077 niensibus
239 3015 277 3077 de
291 3016 358 3077 loeo
374 3015 405 3076 in
426 3032 531 3095 pugne
553 3014 716 3076 obtinendo
739 3014 968 3089 contenderant,
991 3013 1051 3076 sibi

65 3104 191 3182 prepter
204 3119 291 3162 snam
305 3102 338 3161 et
350 3100 501 3164 maiorum
510 3098 658 3162 virtutem
669 3100 701 3161 id
709 3099 831 3162 honoris
842 3100 1050 3181 deposcentes,
1072 3093 1116 3159 30

66 3191 101 3246 ut
115 3205 210 3248 eornu
225 3185 382 3246 sinistrum
397 3186 577 3248 obtinerent
601 3184 680 3246 Tum
693 3184 847 3248 Aristides
860 3185 1051 3247 Praesens

68 3274 230 3352 ternpus,
252 3269 358 3351 inquit,
381 3290 455 3333 non
477 3270 685 3352 permittit,
708 3274 749 3332 ut
770 3291 848 3332 eum
863 3272 1050 3352 Tegeatis

68 3357 112 3416 de
140 3355 375 3418 fortitudine
403 3357 652 3431 altereemur;
688 3376 767 3418 eam
805 3359 906 3418 enim
943 3357 1051 3416 loeus

68 3460 194 3522 neque
208 3441 288 3516 dat,
303 3461 427 3523 neque
442 3442 592 3516 adimit;
608 3461 843 3522 quocumque
857 3443 941 3505 loeo
964 3459 1051 3502 oon·

69 3525 206 3588 stituti
221 3527 375 3605 erimus,
398 3547 469 3590 nou
492 3527 672 3607 indignos
695 3546 763 3588 nos
784 3526 1051 3610 praebebimus
1073 3519 1116 3586 35

69 3611 434 3693 prioribuspugnis.
478 3613 660 3675 Venimus
682 3612 797 3688 enim,
822 3629 893 3675 non
914 3611 1052 3674 utliti-

66 3716 244 3778 geremus
270 3716 350 3760 eum
376 3699 510 3775 sooiis,
538 3699 604 3760 sed
627 3702 668 3759 ut
694 3716 949 3779 pugnaremus
972 3717 1053 3759 oum
