<?xml version="1.0" encoding="UTF-8"?>
<!DOCTYPE html PUBLIC "-//W3C//DTD XHTML 1.0 Transitional//EN"
    "http://www.w3.org/TR/xhtml1/DTD/xhtml1-transitional.dtd">
<html xmlns="http://www.w3.org/1999/xhtml" xml:lang="en" lang="en">
 <head>
  <title>
</title>
<meta http-equiv="Content-Type" content="text/html;charset=utf-8" />
  <meta name='ocr-system' content='tesseract 3.04.00' />
  <meta name='ocr-capabilities' content='ocr_page ocr_carea ocr_par ocr_line ocrx_word'/>
</head>
<body>
  <div class='ocr_page' id='page_1' title='image "./liberdeexcelben01nepogoog_0031.png"; bbox 0 0 2748 4486; ppageno 0'>
   <div class='ocr_carea' id='block_1_1' title="bbox 335 395 967 462">
    <p class='ocr_par' dir='ltr' id='par_1_1' title="bbox 335 395 967 462">
     <span class='ocr_line' id='line_1_1' title="bbox 335 395 967 462; baseline 0.002 -5"><span class='ocrx_word' id='word_1_1' title='bbox 335 395 357 457; x_wconf 88' lang='grc'>4</span> <span class='ocrx_word' id='word_1_2' title='bbox 679 398 705 459; x_wconf 93' lang='grc' dir='ltr'><strong>Ι.</strong></span> <span class='ocrx_word' id='word_1_3' title='bbox 729 395 967 462; x_wconf 81' lang='lat' dir='ltr'><strong>MILTIADES.</strong></span> 
     </span>
    </p>
   </div>
   <div class='ocr_carea' id='block_1_2' title="bbox 272 566 1347 3818">
    <p class='ocr_par' dir='ltr' id='par_1_2' title="bbox 334 566 1325 907">
     <span class='ocr_line' id='line_1_2' title="bbox 336 566 1325 651; baseline 0 -21"><span class='ocrx_word' id='word_1_4' title='bbox 336 587 405 630; x_wconf 89' lang='lat' dir='ltr'><strong>esse</strong></span> <span class='ocrx_word' id='word_1_5' title='bbox 418 569 580 630; x_wconf 85' lang='lat' dir='ltr'><strong>ferebatur.</strong></span> <span class='ocrx_word' id='word_1_6' title='bbox 626 566 759 630; x_wconf 81' lang='lat' dir='ltr'><strong>Patruus</strong></span> <span class='ocrx_word' id='word_1_7' title='bbox 773 569 852 646; x_wconf 88' lang='lat' dir='ltr'><strong>eins,</strong></span> <span class='ocrx_word' id='word_1_8' title='bbox 873 569 922 631; x_wconf 88' lang='lat' dir='ltr'><strong>oui</strong></span> <span class='ocrx_word' id='word_1_9' title='bbox 937 573 969 631; x_wconf 89' lang='lat' dir='ltr'><strong>et</strong></span> <span class='ocrx_word' id='word_1_10' title='bbox 983 566 1042 651; x_wconf 89' lang='lat' dir='ltr'><strong>ipsi</strong></span> <span class='ocrx_word' id='word_1_11' title='bbox 1056 588 1165 630; x_wconf 90' lang='lat' dir='ltr'><strong>nomen</strong></span> <span class='ocrx_word' id='word_1_12' title='bbox 1179 567 1325 630; x_wconf 74' lang='lat' dir='ltr'><strong>Miltiadi</strong></span> 
     </span>
     <span class='ocr_line' id='line_1_3' title="bbox 335 651 1325 738; baseline 0 -22"><span class='ocrx_word' id='word_1_13' title='bbox 335 654 402 730; x_wconf 81' lang='lat' dir='ltr'><strong>fnit,</strong></span> <span class='ocrx_word' id='word_1_14' title='bbox 414 651 540 736; x_wconf 79' lang='lat' dir='ltr'><strong>Cypseli</strong></span> <span class='ocrx_word' id='word_1_15' title='bbox 550 653 640 729; x_wconf 83' lang='lat' dir='ltr'><strong>filins,</strong></span> <span class='ocrx_word' id='word_1_16' title='bbox 656 659 846 738; x_wconf 89' lang='lat' dir='ltr'><strong>eotsmpore‚</strong></span> <span class='ocrx_word' id='word_1_17' title='bbox 859 675 917 736; x_wconf 89' lang='lat' dir='ltr'><strong>quo</strong></span> <span class='ocrx_word' id='word_1_18' title='bbox 929 655 1108 717; x_wconf 78' lang='lat' dir='ltr'><strong>Pisistratus</strong></span> <span class='ocrx_word' id='word_1_19' title='bbox 1119 654 1325 735; x_wconf 78' lang='lat' dir='ltr'><strong>tyrannidem</strong></span> 
     </span>
     <span class='ocr_line' id='line_1_4' title="bbox 335 738 1325 816; baseline 0.001 -15"><span class='ocrx_word' id='word_1_20' title='bbox 335 738 466 804; x_wconf 86' lang='lat' dir='ltr'><strong>Athenis</strong></span> <span class='ocrx_word' id='word_1_21' title='bbox 481 741 645 816; x_wconf 81' lang='lat' dir='ltr'><strong>obtinebat,</strong></span> <span class='ocrx_word' id='word_1_22' title='bbox 660 740 809 804; x_wconf 88' lang='lat' dir='ltr'><strong>coloniam</strong></span> <span class='ocrx_word' id='word_1_23' title='bbox 821 738 1043 804; x_wconf 82' lang='lat' dir='ltr'><strong>Chersonesum</strong></span> <span class='ocrx_word' id='word_1_24' title='bbox 1052 740 1233 804; x_wconf 87' lang='lat' dir='ltr'><strong>deduxerat.</strong></span> <span class='ocrx_word' id='word_1_25' title='bbox 1256 739 1325 802; x_wconf 91' lang='lat' dir='ltr'><strong>Do·</strong></span> 
     </span>
     <span class='ocr_line' id='line_1_5' title="bbox 334 823 1324 907; baseline 0 -19"><span class='ocrx_word' id='word_1_26' title='bbox 334 826 415 888; x_wconf 90' lang='lat' dir='ltr'><strong>lonci</strong></span> <span class='ocrx_word' id='word_1_27' title='bbox 436 826 517 888; x_wconf 92' lang='lat' dir='ltr'><strong>enim</strong></span> <span class='ocrx_word' id='word_1_28' title='bbox 539 825 682 901; x_wconf 78' lang='lat' dir='ltr'><strong>Thrasea,</strong></span> <span class='ocrx_word' id='word_1_29' title='bbox 706 827 759 907; x_wconf 90' lang='lat' dir='ltr'><strong>qui</strong></span> <span class='ocrx_word' id='word_1_30' title='bbox 779 824 1000 889; x_wconf 84' lang='lat' dir='ltr'><strong>Chersonesum</strong></span> <span class='ocrx_word' id='word_1_31' title='bbox 1020 823 1181 888; x_wconf 79' lang='lat' dir='ltr'><strong>Thraciam</strong></span> <span class='ocrx_word' id='word_1_32' title='bbox 1203 827 1324 889; x_wconf 88' lang='lat' dir='ltr'><strong>incole-</strong></span> 
     </span>
    </p>

    <p class='ocr_par' dir='ltr' id='par_1_3' title="bbox 274 905 1325 1338">
     <span class='ocr_line' id='line_1_6' title="bbox 274 905 1325 991; baseline 0.002 -21"><span class='ocrx_word' id='word_1_33' title='bbox 274 980 276 986; x_wconf 28' lang='lat'><strong>,</strong></span> <span class='ocrx_word' id='word_1_34' title='bbox 293 905 314 970; x_wconf 86' lang='lat'>5</span> <span class='ocrx_word' id='word_1_35' title='bbox 336 913 418 987; x_wconf 87' lang='lat' dir='ltr'><strong>bant,</strong></span> <span class='ocrx_word' id='word_1_36' title='bbox 434 931 503 974; x_wconf 91' lang='lat' dir='ltr'><strong>cum</strong></span> <span class='ocrx_word' id='word_1_37' title='bbox 517 911 557 973; x_wconf 86' lang='lat' dir='ltr'><strong>ab</strong></span> <span class='ocrx_word' id='word_1_38' title='bbox 571 910 741 974; x_wconf 88' lang='lat' dir='ltr'><strong>Absinthiis</strong></span> <span class='ocrx_word' id='word_1_39' title='bbox 755 913 836 975; x_wconf 93' lang='lat' dir='ltr'><strong>bello</strong></span> <span class='ocrx_word' id='word_1_40' title='bbox 850 917 1051 990; x_wconf 85' lang='lat' dir='ltr'><strong>vexarentur,</strong></span> <span class='ocrx_word' id='word_1_41' title='bbox 1072 931 1161 991; x_wconf 83' lang='lat' dir='ltr'><strong>reges</strong></span> <span class='ocrx_word' id='word_1_42' title='bbox 1176 932 1260 989; x_wconf 89' lang='lat' dir='ltr'><strong>suos,</strong></span> <span class='ocrx_word' id='word_1_43' title='bbox 1285 921 1325 973; x_wconf 87' lang='lat' dir='ltr'><strong>ut</strong></span> 
     </span>
     <span class='ocr_line' id='line_1_7' title="bbox 336 997 1324 1080; baseline -0.001 -20"><span class='ocrx_word' id='word_1_44' title='bbox 336 998 493 1062; x_wconf 88' lang='lat' dir='ltr'><strong>oraculum</strong></span> <span class='ocrx_word' id='word_1_45' title='bbox 508 998 708 1074; x_wconf 79' lang='lat' dir='ltr'><strong>consulerent,</strong></span> <span class='ocrx_word' id='word_1_46' title='bbox 723 997 859 1080; x_wconf 89' lang='lat' dir='ltr'><strong>Delphos</strong></span> <span class='ocrx_word' id='word_1_47' title='bbox 872 999 1027 1062; x_wconf 88' lang='lat' dir='ltr'><strong>miserant.</strong></span> <span class='ocrx_word' id='word_1_48' title='bbox 1065 997 1185 1068; x_wconf 78' lang='lat' dir='ltr'><strong>Quibus</strong></span> <span class='ocrx_word' id='word_1_49' title='bbox 1200 997 1324 1080; x_wconf 81' lang='lat' dir='ltr'><strong>Pythia</strong></span> 
     </span>
     <span class='ocr_line' id='line_1_8' title="bbox 336 1083 1323 1166; baseline 0.002 -22"><span class='ocrx_word' id='word_1_50' title='bbox 336 1083 502 1166; x_wconf 88' lang='lat' dir='ltr'><strong>respondit,</strong></span> <span class='ocrx_word' id='word_1_51' title='bbox 517 1083 692 1146; x_wconf 90' lang='lat' dir='ltr'><strong>colonorum</strong></span> <span class='ocrx_word' id='word_1_52' title='bbox 706 1085 739 1144; x_wconf 92' lang='lat' dir='ltr'><strong>in</strong></span> <span class='ocrx_word' id='word_1_53' title='bbox 752 1089 865 1146; x_wconf 86' lang='lat' dir='ltr'><strong>terram</strong></span> <span class='ocrx_word' id='word_1_54' title='bbox 879 1105 965 1148; x_wconf 86' lang='lat' dir='ltr'><strong>snam</strong></span> <span class='ocrx_word' id='word_1_55' title='bbox 985 1084 1233 1146; x_wconf 91' lang='lat' dir='ltr'><strong>deducendorum</strong></span> <span class='ocrx_word' id='word_1_56' title='bbox 1248 1105 1323 1146; x_wconf 90' lang='lat' dir='ltr'><strong>eum</strong></span> 
     </span>
     <span class='ocr_line' id='line_1_9' title="bbox 337 1170 1323 1252; baseline -0.001 -20"><span class='ocrx_word' id='word_1_57' title='bbox 337 1175 490 1232; x_wconf 89' lang='lat' dir='ltr'><strong>auctorem</strong></span> <span class='ocrx_word' id='word_1_58' title='bbox 511 1176 679 1246; x_wconf 87' lang='lat' dir='ltr'><strong>sumerent,</strong></span> <span class='ocrx_word' id='word_1_59' title='bbox 706 1171 759 1249; x_wconf 91' lang='lat' dir='ltr'><strong>qui</strong></span> <span class='ocrx_word' id='word_1_60' title='bbox 784 1171 899 1252; x_wconf 86' lang='lat' dir='ltr'><strong>primus</strong></span> <span class='ocrx_word' id='word_1_61' title='bbox 921 1191 973 1233; x_wconf 87' lang='lat' dir='ltr'><strong>eoa</strong></span> <span class='ocrx_word' id='word_1_62' title='bbox 995 1190 1013 1230; x_wconf 90' lang='lat' dir='ltr'><strong>a</strong></span> <span class='ocrx_word' id='word_1_63' title='bbox 1033 1170 1145 1251; x_wconf 91' lang='lat' dir='ltr'><strong>templo</strong></span> <span class='ocrx_word' id='word_1_64' title='bbox 1166 1171 1323 1232; x_wconf 86' lang='lat' dir='ltr'><strong>abeuntes</strong></span> 
     </span>
     <span class='ocr_line' id='line_1_10' title="bbox 337 1254 1323 1338; baseline 0.002 -22"><span class='ocrx_word' id='word_1_65' title='bbox 337 1254 466 1338; x_wconf 89' lang='lat' dir='ltr'><strong>hospitio</strong></span> <span class='ocrx_word' id='word_1_66' title='bbox 480 1255 659 1335; x_wconf 86' lang='lat' dir='ltr'><strong>excepisset.</strong></span> <span class='ocrx_word' id='word_1_67' title='bbox 703 1254 843 1332; x_wconf 88' lang='lat' dir='ltr'><strong>Dolonci‚</strong></span> <span class='ocrx_word' id='word_1_68' title='bbox 866 1277 922 1338; x_wconf 92' lang='lat' dir='ltr'><strong>per</strong></span> <span class='ocrx_word' id='word_1_69' title='bbox 941 1255 1112 1318; x_wconf 78' lang='lat' dir='ltr'><strong>Phocenses</strong></span> <span class='ocrx_word' id='word_1_70' title='bbox 1126 1257 1158 1316; x_wconf 92' lang='lat' dir='ltr'><strong>et</strong></span> <span class='ocrx_word' id='word_1_71' title='bbox 1172 1255 1323 1318; x_wconf 75' lang='lat' dir='ltr'><strong>Boeotms</strong></span> 
     </span>
    </p>

    <p class='ocr_par' dir='ltr' id='par_1_4' title="bbox 275 1333 1322 1765">
     <span class='ocr_line' id='line_1_11' title="bbox 275 1333 1322 1421; baseline 0.006 -23"><span class='ocrx_word' id='word_1_72' title='bbox 275 1333 316 1398; x_wconf 90' lang='lat'><strong>10</strong></span> <span class='ocrx_word' id='word_1_73' title='bbox 337 1342 396 1403; x_wconf 89' lang='lat' dir='ltr'><strong>iter</strong></span> <span class='ocrx_word' id='word_1_74' title='bbox 411 1342 558 1402; x_wconf 85' lang='lat' dir='ltr'><strong>facientes</strong></span> <span class='ocrx_word' id='word_1_75' title='bbox 580 1359 649 1404; x_wconf 92' lang='lat' dir='ltr'><strong>cum</strong></span> <span class='ocrx_word' id='word_1_76' title='bbox 671 1343 786 1404; x_wconf 87' lang='lat' dir='ltr'><strong>anullo</strong></span> <span class='ocrx_word' id='word_1_77' title='bbox 809 1343 929 1404; x_wconf 79' lang='lat' dir='ltr'><strong>invitati</strong></span> <span class='ocrx_word' id='word_1_78' title='bbox 943 1341 1080 1404; x_wconf 92' lang='lat' dir='ltr'><strong>Athenas</strong></span> <span class='ocrx_word' id='word_1_79' title='bbox 1094 1343 1322 1421; x_wconf 80' lang='lat' dir='ltr'><strong>pervenissent,</strong></span> 
     </span>
     <span class='ocr_line' id='line_1_12' title="bbox 336 1424 1322 1508; baseline -0.001 -19"><span class='ocrx_word' id='word_1_80' title='bbox 336 1429 414 1490; x_wconf 82' lang='lat' dir='ltr'><strong>forte</strong></span> <span class='ocrx_word' id='word_1_81' title='bbox 429 1426 613 1503; x_wconf 86' lang='lat' dir='ltr'><strong>Miltiadem,</strong></span> <span class='ocrx_word' id='word_1_82' title='bbox 636 1424 763 1508; x_wconf 84' lang='lat' dir='ltr'><strong>Cypseli</strong></span> <span class='ocrx_word' id='word_1_83' title='bbox 776 1428 886 1502; x_wconf 87' lang='lat' dir='ltr'><strong>filium,</strong></span> <span class='ocrx_word' id='word_1_84' title='bbox 911 1427 963 1508; x_wconf 93' lang='lat' dir='ltr'><strong>qui</strong></span> <span class='ocrx_word' id='word_1_85' title='bbox 983 1447 1019 1490; x_wconf 92' lang='lat' dir='ltr'><strong>eo</strong></span> <span class='ocrx_word' id='word_1_86' title='bbox 1033 1431 1170 1508; x_wconf 89' lang='lat' dir='ltr'><strong>tempore</strong></span> <span class='ocrx_word' id='word_1_87' title='bbox 1185 1426 1322 1491; x_wconf 82' lang='lat' dir='ltr'><strong>Athenis</strong></span> 
     </span>
     <span class='ocr_line' id='line_1_13' title="bbox 335 1512 1322 1594; baseline 0.002 -20"><span class='ocrx_word' id='word_1_88' title='bbox 335 1517 448 1594; x_wconf 76' lang='lat' dir='ltr'><strong>magna</strong></span> <span class='ocrx_word' id='word_1_89' title='bbox 462 1512 642 1574; x_wconf 86' lang='lat' dir='ltr'><strong>auctoritate</strong></span> <span class='ocrx_word' id='word_1_90' title='bbox 655 1513 796 1589; x_wconf 89' lang='lat' dir='ltr'><strong>florebat,</strong></span> <span class='ocrx_word' id='word_1_91' title='bbox 816 1515 849 1576; x_wconf 90' lang='lat' dir='ltr'><strong>in</strong></span> <span class='ocrx_word' id='word_1_92' title='bbox 862 1514 1013 1575; x_wconf 83' lang='lat' dir='ltr'><strong>vestibulo</strong></span> <span class='ocrx_word' id='word_1_93' title='bbox 1036 1513 1143 1574; x_wconf 90' lang='lat' dir='ltr'><strong>domus</strong></span> <span class='ocrx_word' id='word_1_94' title='bbox 1158 1514 1322 1576; x_wconf 83' lang='lat' dir='ltr'><strong>sedentem</strong></span> 
     </span>
     <span class='ocr_line' id='line_1_14' title="bbox 337 1597 1321 1679; baseline 0 -18"><span class='ocrx_word' id='word_1_95' title='bbox 337 1598 534 1661; x_wconf 84' lang='lat' dir='ltr'><strong>offenderunt.</strong></span> <span class='ocrx_word' id='word_1_96' title='bbox 578 1597 611 1658; x_wconf 92' lang='lat' dir='ltr'><strong>Is</strong></span> <span class='ocrx_word' id='word_1_97' title='bbox 631 1597 782 1660; x_wconf 90' lang='lat' dir='ltr'><strong>Doloncos</strong></span> <span class='ocrx_word' id='word_1_98' title='bbox 804 1601 1033 1679; x_wconf 89' lang='lat' dir='ltr'><strong>praetereuntes</strong></span> <span class='ocrx_word' id='word_1_99' title='bbox 1058 1597 1167 1660; x_wconf 86' lang='lat' dir='ltr'><strong>videns</strong></span> <span class='ocrx_word' id='word_1_100' title='bbox 1188 1620 1211 1676; x_wconf 35' lang='lat' dir='ltr'><strong>e,</strong></span> <span class='ocrx_word' id='word_1_101' title='bbox 1231 1607 1321 1662; x_wconf 83' lang='lat' dir='ltr'><strong>veste</strong></span> 
     </span>
     <span class='ocr_line' id='line_1_15' title="bbox 337 1684 1321 1765; baseline 0.005 -21"><span class='ocrx_word' id='word_1_102' title='bbox 337 1688 368 1744; x_wconf 91' lang='lat' dir='ltr'><strong>et</strong></span> <span class='ocrx_word' id='word_1_103' title='bbox 383 1684 477 1745; x_wconf 88' lang='lat' dir='ltr'><strong>armis</strong></span> <span class='ocrx_word' id='word_1_104' title='bbox 493 1685 671 1765; x_wconf 81' lang='lat' dir='ltr'><strong>peregrinos</strong></span> <span class='ocrx_word' id='word_1_105' title='bbox 685 1705 753 1746; x_wconf 91' lang='lat' dir='ltr'><strong>esse</strong></span> <span class='ocrx_word' id='word_1_106' title='bbox 768 1686 920 1764; x_wconf 82' lang='lat' dir='ltr'><strong>cognovit,</strong></span> <span class='ocrx_word' id='word_1_107' title='bbox 935 1686 1071 1747; x_wconf 90' lang='lat' dir='ltr'><strong>homines</strong></span> <span class='ocrx_word' id='word_1_108' title='bbox 1085 1686 1125 1746; x_wconf 89' lang='lat' dir='ltr'><strong>ad</strong></span> <span class='ocrx_word' id='word_1_109' title='bbox 1139 1705 1173 1746; x_wconf 90' lang='lat' dir='ltr'><strong>se</strong></span> <span class='ocrx_word' id='word_1_110' title='bbox 1187 1686 1321 1749; x_wconf 85' lang='lat' dir='ltr'><strong>advoca-</strong></span> 
     </span>
    </p>

    <p class='ocr_par' dir='ltr' id='par_1_5' title="bbox 274 1759 1347 2201">
     <span class='ocr_line' id='line_1_16' title="bbox 274 1759 1321 1852; baseline 0.008 -29"><span class='ocrx_word' id='word_1_111' title='bbox 274 1759 315 1824; x_wconf 78' lang='lat'><strong>15</strong></span> <span class='ocrx_word' id='word_1_112' title='bbox 336 1769 399 1844; x_wconf 83' lang='lat' dir='ltr'><strong>vit,</strong></span> <span class='ocrx_word' id='word_1_113' title='bbox 425 1770 637 1832; x_wconf 87' lang='lat' dir='ltr'><strong>accedentibus</strong></span> <span class='ocrx_word' id='word_1_114' title='bbox 656 1770 842 1831; x_wconf 89' lang='lat' dir='ltr'><strong>domicilium</strong></span> <span class='ocrx_word' id='word_1_115' title='bbox 864 1775 896 1832; x_wconf 90' lang='lat' dir='ltr'><strong>et</strong></span> <span class='ocrx_word' id='word_1_116' title='bbox 916 1770 1079 1852; x_wconf 89' lang='lat' dir='ltr'><strong>hospitium</strong></span> <span class='ocrx_word' id='word_1_117' title='bbox 1100 1770 1219 1833; x_wconf 90' lang='lat' dir='ltr'><strong>obtulit.</strong></span> <span class='ocrx_word' id='word_1_118' title='bbox 1267 1773 1321 1833; x_wconf 93' lang='lat' dir='ltr'><strong>Illi</strong></span> 
     </span>
     <span class='ocr_line' id='line_1_17' title="bbox 336 1855 1322 1938; baseline 0.001 -22"><span class='ocrx_word' id='word_1_119' title='bbox 336 1856 426 1918; x_wconf 90' lang='lat' dir='ltr'><strong>domo</strong></span> <span class='ocrx_word' id='word_1_120' title='bbox 443 1857 559 1937; x_wconf 76' lang='lat' dir='ltr'><strong>recepti</strong></span> <span class='ocrx_word' id='word_1_121' title='bbox 574 1858 603 1917; x_wconf 90' lang='lat' dir='ltr'><strong>ei</strong></span> <span class='ocrx_word' id='word_1_122' title='bbox 618 1857 773 1917; x_wconf 87' lang='lat' dir='ltr'><strong>oraculum</strong></span> <span class='ocrx_word' id='word_1_123' title='bbox 788 1864 972 1938; x_wconf 89' lang='lat' dir='ltr'><strong>aperuerunt</strong></span> <span class='ocrx_word' id='word_1_124' title='bbox 986 1855 1126 1938; x_wconf 86' lang='lat' dir='ltr'><strong>precibus</strong></span> <span class='ocrx_word' id='word_1_125' title='bbox 1141 1857 1269 1936; x_wconf 80' lang='lat' dir='ltr'><strong>additis,</strong></span> <span class='ocrx_word' id='word_1_126' title='bbox 1286 1863 1322 1919; x_wconf 92' lang='lat' dir='ltr'><strong>ut</strong></span> 
     </span>
     <span class='ocr_line' id='line_1_18' title="bbox 336 1941 1347 2024; baseline 0.007 -22"><span class='ocrx_word' id='word_1_127' title='bbox 336 1941 464 2023; x_wconf 89' lang='lat' dir='ltr'><strong>imperio</strong></span> <span class='ocrx_word' id='word_1_128' title='bbox 480 1943 529 2002; x_wconf 91' lang='lat' dir='ltr'><strong>dei</strong></span> <span class='ocrx_word' id='word_1_129' title='bbox 544 1941 767 2022; x_wconf 87' lang='lat' dir='ltr'><strong>obsequeretur.</strong></span> <span class='ocrx_word' id='word_1_130' title='bbox 813 1944 855 2019; x_wconf 92' lang='lat' dir='ltr'><strong>Is,</strong></span> <span class='ocrx_word' id='word_1_131' title='bbox 871 1963 961 2024; x_wconf 92' lang='lat' dir='ltr'><strong>quem</strong></span> <span class='ocrx_word' id='word_1_132' title='bbox 976 1943 1147 2024; x_wconf 88' lang='lat' dir='ltr'><strong>tyrannidis</strong></span> <span class='ocrx_word' id='word_1_133' title='bbox 1161 1942 1322 2005; x_wconf 86' lang='lat' dir='ltr'><strong>Pisistrati</strong></span> <span class='ocrx_word' id='word_1_134' title='bbox 1346 1997 1347 2010; x_wconf 66' lang='grc'>,</span> 
     </span>
     <span class='ocr_line' id='line_1_19' title="bbox 337 2027 1323 2109; baseline 0 -19"><span class='ocrx_word' id='word_1_135' title='bbox 337 2029 483 2105; x_wconf 88' lang='lat' dir='ltr'><strong>taederet,</strong></span> <span class='ocrx_word' id='word_1_136' title='bbox 500 2047 568 2088; x_wconf 87' lang='lat' dir='ltr'><strong>cum</strong></span> <span class='ocrx_word' id='word_1_137' title='bbox 583 2028 790 2090; x_wconf 90' lang='lat' dir='ltr'><strong>condicionem</strong></span> <span class='ocrx_word' id='word_1_138' title='bbox 804 2048 864 2091; x_wconf 93' lang='lat' dir='ltr'><strong>non</strong></span> <span class='ocrx_word' id='word_1_139' title='bbox 883 2029 1048 2109; x_wconf 86' lang='lat' dir='ltr'><strong>respueret,</strong></span> <span class='ocrx_word' id='word_1_140' title='bbox 1071 2027 1224 2090; x_wconf 89' lang='lat' dir='ltr'><strong>oraculum</strong></span> <span class='ocrx_word' id='word_1_141' title='bbox 1240 2031 1323 2090; x_wconf 88' lang='lat' dir='ltr'><strong>adiit</strong></span> 
     </span>
     <span class='ocr_line' id='line_1_20' title="bbox 337 2113 1347 2201; baseline -0.002 -25"><span class='ocrx_word' id='word_1_142' title='bbox 337 2118 369 2176; x_wconf 89' lang='lat' dir='ltr'><strong>et</strong></span> <span class='ocrx_word' id='word_1_143' title='bbox 382 2115 469 2175; x_wconf 89' lang='lat' dir='ltr'><strong>iussn</strong></span> <span class='ocrx_word' id='word_1_144' title='bbox 482 2114 614 2194; x_wconf 90' lang='lat' dir='ltr'><strong>Pythiae</strong></span> <span class='ocrx_word' id='word_1_145' title='bbox 629 2115 790 2195; x_wconf 86' lang='lat' dir='ltr'><strong>assumptis</strong></span> <span class='ocrx_word' id='word_1_146' title='bbox 804 2114 1036 2176; x_wconf 85' lang='lat' dir='ltr'><strong>Atheniensium</strong></span> <span class='ocrx_word' id='word_1_147' title='bbox 1049 2113 1226 2174; x_wconf 79' lang='lat' dir='ltr'><strong>voluntariis</strong></span> <span class='ocrx_word' id='word_1_148' title='bbox 1243 2132 1320 2174; x_wconf 88' lang='lat' dir='ltr'><strong>oum</strong></span> <span class='ocrx_word' id='word_1_149' title='bbox 1346 2125 1347 2201; x_wconf 63' lang='lat' dir='ltr'><strong>l</strong></span> 
     </span>
    </p>

    <p class='ocr_par' dir='ltr' id='par_1_6' title="bbox 273 2188 1346 2622">
     <span class='ocr_line' id='line_1_21' title="bbox 273 2188 1316 2280; baseline -0.007 -17"><span class='ocrx_word' id='word_1_150' title='bbox 273 2188 316 2254; x_wconf 73' lang='lat'><strong>20</strong></span> <span class='ocrx_word' id='word_1_151' title='bbox 337 2199 480 2262; x_wconf 85' lang='lat' dir='ltr'><strong>Doloncis</strong></span> <span class='ocrx_word' id='word_1_152' title='bbox 494 2201 526 2260; x_wconf 89' lang='lat' dir='ltr'><strong>in</strong></span> <span class='ocrx_word' id='word_1_153' title='bbox 542 2205 656 2261; x_wconf 90' lang='lat' dir='ltr'><strong>terram</strong></span> <span class='ocrx_word' id='word_1_154' title='bbox 671 2221 775 2262; x_wconf 84' lang='lat' dir='ltr'><strong>eorum</strong></span> <span class='ocrx_word' id='word_1_155' title='bbox 789 2200 948 2279; x_wconf 82' lang='lat' dir='ltr'><strong>navigavit</strong></span> <span class='ocrx_word' id='word_1_156' title='bbox 965 2199 1066 2279; x_wconf 87' lang='lat' dir='ltr'><strong>ibique</strong></span> <span class='ocrx_word' id='word_1_157' title='bbox 1083 2203 1226 2280; x_wconf 85' lang='lat' dir='ltr'><strong>tyrannus</strong></span> <span class='ocrx_word' id='word_1_158' title='bbox 1245 2217 1316 2257; x_wconf 89' lang='lat' dir='ltr'><strong>cre·</strong></span> 
     </span>
     <span class='ocr_line' id='line_1_22' title="bbox 338 2279 1346 2366; baseline -0.003 -19"><span class='ocrx_word' id='word_1_159' title='bbox 338 2279 406 2347; x_wconf 89' lang='lat' dir='ltr'><strong>atus</strong></span> <span class='ocrx_word' id='word_1_160' title='bbox 421 2288 477 2346; x_wconf 89' lang='lat' dir='ltr'><strong>est.</strong></span> <span class='ocrx_word' id='word_1_161' title='bbox 521 2284 615 2346; x_wconf 83' lang='lat' dir='ltr'><strong>Brevi</strong></span> <span class='ocrx_word' id='word_1_162' title='bbox 630 2289 766 2366; x_wconf 89' lang='lat' dir='ltr'><strong>tempore</strong></span> <span class='ocrx_word' id='word_1_163' title='bbox 786 2303 854 2346; x_wconf 88' lang='lat' dir='ltr'><strong>eum</strong></span> <span class='ocrx_word' id='word_1_164' title='bbox 873 2286 941 2346; x_wconf 89' lang='lat' dir='ltr'><strong>loca</strong></span> <span class='ocrx_word' id='word_1_165' title='bbox 963 2285 1097 2347; x_wconf 87' lang='lat' dir='ltr'><strong>castellis</strong></span> <span class='ocrx_word' id='word_1_166' title='bbox 1110 2283 1216 2345; x_wconf 90' lang='lat' dir='ltr'><strong>idonea</strong></span> <span class='ocrx_word' id='word_1_167' title='bbox 1231 2301 1319 2344; x_wconf 86' lang='lat' dir='ltr'><strong>com·</strong></span> <span class='ocrx_word' id='word_1_168' title='bbox 1345 2353 1346 2360; x_wconf 8' lang='grc' dir='ltr'>ἵ</span> 
     </span>
     <span class='ocr_line' id='line_1_23' title="bbox 337 2368 1346 2450; baseline -0.001 -19"><span class='ocrx_word' id='word_1_169' title='bbox 337 2371 487 2431; x_wconf 90' lang='lat' dir='ltr'><strong>munisset</strong></span> <span class='ocrx_word' id='word_1_170' title='bbox 500 2373 533 2430; x_wconf 92' lang='lat' dir='ltr'><strong>et</strong></span> <span class='ocrx_word' id='word_1_171' title='bbox 546 2390 666 2432; x_wconf 91' lang='lat' dir='ltr'><strong>murum</strong></span> <span class='ocrx_word' id='word_1_172' title='bbox 680 2390 735 2450; x_wconf 93' lang='lat' dir='ltr'><strong>per</strong></span> <span class='ocrx_word' id='word_1_173' title='bbox 749 2371 852 2432; x_wconf 85' lang='lat' dir='ltr'><strong>fauces</strong></span> <span class='ocrx_word' id='word_1_174' title='bbox 865 2368 1045 2433; x_wconf 86' lang='lat' dir='ltr'><strong>Chersonesi</strong></span> <span class='ocrx_word' id='word_1_175' title='bbox 1060 2391 1078 2433; x_wconf 90' lang='lat' dir='ltr'><strong>a</strong></span> <span class='ocrx_word' id='word_1_176' title='bbox 1092 2369 1168 2432; x_wconf 90' lang='lat' dir='ltr'><strong>mari</strong></span> <span class='ocrx_word' id='word_1_177' title='bbox 1178 2369 1218 2430; x_wconf 86' lang='lat' dir='ltr'><strong>ad</strong></span> <span class='ocrx_word' id='word_1_178' title='bbox 1228 2389 1319 2432; x_wconf 87' lang='lat' dir='ltr'><strong>mare</strong></span> <span class='ocrx_word' id='word_1_179' title='bbox 1345 2437 1346 2442; x_wconf 8' lang='grc' dir='ltr'>ἵ</span> 
     </span>
     <span class='ocr_line' id='line_1_24' title="bbox 336 2445 1346 2537; baseline 0 -21"><span class='ocrx_word' id='word_1_180' title='bbox 336 2456 541 2536; x_wconf 83' lang='lat' dir='ltr'><strong>perduxisset,</strong></span> <span class='ocrx_word' id='word_1_181' title='bbox 557 2455 735 2518; x_wconf 90' lang='lat' dir='ltr'><strong>Absinthios</strong></span> <span class='ocrx_word' id='word_1_182' title='bbox 757 2457 898 2532; x_wconf 82' lang='lat' dir='ltr'><strong>cohibuit,</strong></span> <span class='ocrx_word' id='word_1_183' title='bbox 920 2477 959 2518; x_wconf 89' lang='lat' dir='ltr'><strong>ne</strong></span> <span class='ocrx_word' id='word_1_184' title='bbox 978 2458 1109 2537; x_wconf 90' lang='lat' dir='ltr'><strong>amplius</strong></span> <span class='ocrx_word' id='word_1_185' title='bbox 1129 2460 1244 2518; x_wconf 87' lang='lat' dir='ltr'><strong>terram</strong></span> <span class='ocrx_word' id='word_1_186' title='bbox 1263 2477 1319 2516; x_wconf 78' lang='lat' dir='ltr'><strong>ve·</strong></span> <span class='ocrx_word' id='word_1_187' title='bbox 1345 2445 1346 2470; x_wconf 60' lang='lat'>¹</span> 
     </span>
     <span class='ocr_line' id='line_1_25' title="bbox 337 2538 1318 2622; baseline -0.002 -19"><span class='ocrx_word' id='word_1_188' title='bbox 337 2544 456 2614; x_wconf 83' lang='lat' dir='ltr'><strong>xarent,</strong></span> <span class='ocrx_word' id='word_1_189' title='bbox 477 2552 508 2602; x_wconf 91' lang='lat' dir='ltr'><strong>et</strong></span> <span class='ocrx_word' id='word_1_190' title='bbox 521 2560 571 2601; x_wconf 91' lang='lat' dir='ltr'><strong>res</strong></span> <span class='ocrx_word' id='word_1_191' title='bbox 587 2538 768 2603; x_wconf 91' lang='lat' dir='ltr'><strong>Chersonesi</strong></span> <span class='ocrx_word' id='word_1_192' title='bbox 782 2561 899 2604; x_wconf 88' lang='lat' dir='ltr'><strong>summa</strong></span> <span class='ocrx_word' id='word_1_193' title='bbox 913 2544 1065 2622; x_wconf 84' lang='lat' dir='ltr'><strong>aequitate</strong></span> <span class='ocrx_word' id='word_1_194' title='bbox 1081 2542 1246 2604; x_wconf 88' lang='lat' dir='ltr'><strong>constituit.</strong></span> <span class='ocrx_word' id='word_1_195' title='bbox 1284 2544 1318 2602; x_wconf 90' lang='lat' dir='ltr'><strong>Is</strong></span> 
     </span>
    </p>

    <p class='ocr_par' dir='ltr' id='par_1_7' title="bbox 273 2614 1345 3054">
     <span class='ocr_line' id='line_1_26' title="bbox 273 2614 1319 2710; baseline 0.005 -27"><span class='ocrx_word' id='word_1_196' title='bbox 273 2614 316 2683; x_wconf 78' lang='lat'><strong>25</strong></span> <span class='ocrx_word' id='word_1_197' title='bbox 337 2646 406 2688; x_wconf 89' lang='lat' dir='ltr'><strong>cnm</strong></span> <span class='ocrx_word' id='word_1_198' title='bbox 420 2626 526 2688; x_wconf 91' lang='lat' dir='ltr'><strong>liberis</strong></span> <span class='ocrx_word' id='word_1_199' title='bbox 540 2645 647 2688; x_wconf 86' lang='lat' dir='ltr'><strong>carens</strong></span> <span class='ocrx_word' id='word_1_200' title='bbox 667 2633 849 2703; x_wconf 89' lang='lat' dir='ltr'><strong>moreretur,</strong></span> <span class='ocrx_word' id='word_1_201' title='bbox 870 2629 1033 2710; x_wconf 89' lang='lat' dir='ltr'><strong>imperium</strong></span> <span class='ocrx_word' id='word_1_202' title='bbox 1052 2633 1143 2710; x_wconf 87' lang='lat' dir='ltr'><strong>atque</strong></span> <span class='ocrx_word' id='word_1_203' title='bbox 1163 2648 1237 2709; x_wconf 91' lang='lat' dir='ltr'><strong>opes</strong></span> <span class='ocrx_word' id='word_1_204' title='bbox 1251 2625 1319 2688; x_wconf 80' lang='lat' dir='ltr'><strong>Ste-</strong></span> 
     </span>
     <span class='ocr_line' id='line_1_27' title="bbox 337 2711 1345 2800; baseline 0 -27"><span class='ocrx_word' id='word_1_205' title='bbox 337 2731 482 2794; x_wconf 66' lang='lat' dir='ltr'><strong>ugerae,</strong></span> <span class='ocrx_word' id='word_1_206' title='bbox 505 2713 591 2774; x_wconf 89' lang='lat' dir='ltr'><strong>cuius</strong></span> <span class='ocrx_word' id='word_1_207' title='bbox 610 2715 698 2794; x_wconf 91' lang='lat' dir='ltr'><strong>pater</strong></span> <span class='ocrx_word' id='word_1_208' title='bbox 714 2711 821 2777; x_wconf 89' lang='lat' dir='ltr'><strong>Cimon</strong></span> <span class='ocrx_word' id='word_1_209' title='bbox 836 2715 942 2776; x_wconf 88' lang='lat' dir='ltr'><strong>eadem</strong></span> <span class='ocrx_word' id='word_1_210' title='bbox 963 2735 1021 2795; x_wconf 89' lang='lat' dir='ltr'><strong>qua</strong></span> <span class='ocrx_word' id='word_1_211' title='bbox 1035 2715 1101 2796; x_wconf 91' lang='lat' dir='ltr'><strong>ipse</strong></span> <span class='ocrx_word' id='word_1_212' title='bbox 1115 2721 1213 2776; x_wconf 89' lang='lat' dir='ltr'><strong>matre</strong></span> <span class='ocrx_word' id='word_1_213' title='bbox 1227 2715 1318 2775; x_wconf 87' lang='lat' dir='ltr'><strong>natus</strong></span> <span class='ocrx_word' id='word_1_214' title='bbox 1344 2789 1345 2800; x_wconf 10' lang='grc' dir='ltr'>ἵ</span> 
     </span>
     <span class='ocr_line' id='line_1_28' title="bbox 338 2799 1345 2880; baseline 0 -20"><span class='ocrx_word' id='word_1_215' title='bbox 338 2804 412 2875; x_wconf 82' lang='lat' dir='ltr'><strong>erat,</strong></span> <span class='ocrx_word' id='word_1_216' title='bbox 428 2799 562 2875; x_wconf 87' lang='lat' dir='ltr'><strong>tradidit,</strong></span> <span class='ocrx_word' id='word_1_217' title='bbox 579 2820 638 2880; x_wconf 92' lang='lat' dir='ltr'><strong>quo</strong></span> <span class='ocrx_word' id='word_1_218' title='bbox 654 2801 812 2863; x_wconf 88' lang='lat' dir='ltr'><strong>interfecto</strong></span> <span class='ocrx_word' id='word_1_219' title='bbox 826 2800 883 2862; x_wconf 89' lang='lat' dir='ltr'><strong>filii</strong></span> <span class='ocrx_word' id='word_1_220' title='bbox 897 2801 1049 2862; x_wconf 86' lang='lat' dir='ltr'><strong>Pisistrati</strong></span> <span class='ocrx_word' id='word_1_221' title='bbox 1060 2799 1243 2876; x_wconf 87' lang='lat' dir='ltr'><strong>Miltiadem,</strong></span> <span class='ocrx_word' id='word_1_222' title='bbox 1258 2801 1319 2860; x_wconf 84' lang='lat' dir='ltr'><strong>ira-</strong></span> <span class='ocrx_word' id='word_1_223' title='bbox 1344 2811 1345 2832; x_wconf 66' lang='lat'>¹</span> 
     </span>
     <span class='ocr_line' id='line_1_29' title="bbox 337 2884 1316 2966; baseline 0 -20"><span class='ocrx_word' id='word_1_224' title='bbox 337 2888 417 2946; x_wconf 91' lang='lat' dir='ltr'><strong>trem</strong></span> <span class='ocrx_word' id='word_1_225' title='bbox 432 2884 625 2965; x_wconf 80' lang='lat' dir='ltr'><strong>Stesagoras,</strong></span> <span class='ocrx_word' id='word_1_226' title='bbox 640 2906 719 2963; x_wconf 91' lang='lat' dir='ltr'><strong>eum,</strong></span> <span class='ocrx_word' id='word_1_227' title='bbox 735 2886 774 2947; x_wconf 92' lang='lat' dir='ltr'><strong>de</strong></span> <span class='ocrx_word' id='word_1_228' title='bbox 789 2905 848 2966; x_wconf 90' lang='lat' dir='ltr'><strong>quo</strong></span> <span class='ocrx_word' id='word_1_229' title='bbox 863 2887 924 2947; x_wconf 89' lang='lat' dir='ltr'><strong>iam</strong></span> <span class='ocrx_word' id='word_1_230' title='bbox 938 2886 1090 2948; x_wconf 82' lang='lat' dir='ltr'><strong>narraturi</strong></span> <span class='ocrx_word' id='word_1_231' title='bbox 1110 2905 1225 2962; x_wconf 89' lang='lat' dir='ltr'><strong>sumus,</strong></span> <span class='ocrx_word' id='word_1_232' title='bbox 1249 2905 1316 2946; x_wconf 86' lang='lat' dir='ltr'><strong>cum</strong></span> 
     </span>
     <span class='ocr_line' id='line_1_30' title="bbox 338 2969 1218 3054; baseline 0.001 -22"><span class='ocrx_word' id='word_1_233' title='bbox 338 2971 455 3032; x_wconf 87' lang='lat' dir='ltr'><strong>triremi</strong></span> <span class='ocrx_word' id='word_1_234' title='bbox 469 2973 509 3032; x_wconf 89' lang='lat' dir='ltr'><strong>ad</strong></span> <span class='ocrx_word' id='word_1_235' title='bbox 523 2992 573 3033; x_wconf 90' lang='lat' dir='ltr'><strong>res</strong></span> <span class='ocrx_word' id='word_1_236' title='bbox 588 2971 620 3033; x_wconf 93' lang='lat' dir='ltr'><strong>in</strong></span> <span class='ocrx_word' id='word_1_237' title='bbox 635 2969 823 3033; x_wconf 90' lang='lat' dir='ltr'><strong>Chersoneso</strong></span> <span class='ocrx_word' id='word_1_238' title='bbox 838 2972 1044 3054; x_wconf 89' lang='lat' dir='ltr'><strong>suscipiendas</strong></span> <span class='ocrx_word' id='word_1_239' title='bbox 1062 2971 1218 3033; x_wconf 89' lang='lat' dir='ltr'><strong>miserunt.</strong></span> 
     </span>
    </p>

    <p class='ocr_par' dir='ltr' id='par_1_8' title="bbox 272 3042 1344 3482">
     <span class='ocr_line' id='line_1_31' title="bbox 272 3042 1344 3140; baseline 0.001 -24"><span class='ocrx_word' id='word_1_240' title='bbox 272 3042 317 3110; x_wconf 84' lang='lat'><strong>30</strong></span> <span class='ocrx_word' id='word_1_241' title='bbox 345 3059 380 3116; x_wconf 83' lang='lat'><strong>11</strong></span> <span class='ocrx_word' id='word_1_242' title='bbox 422 3056 580 3119; x_wconf 87' lang='lat' dir='ltr'><strong>Miltiades</strong></span> <span class='ocrx_word' id='word_1_243' title='bbox 599 3057 751 3138; x_wconf 91' lang='lat' dir='ltr'><strong>principes</strong></span> <span class='ocrx_word' id='word_1_244' title='bbox 771 3055 1032 3131; x_wconf 89' lang='lat' dir='ltr'><strong>Chersonitarum‚</strong></span> <span class='ocrx_word' id='word_1_245' title='bbox 1054 3057 1106 3138; x_wconf 84' lang='lat' dir='ltr'><strong>qni</strong></span> <span class='ocrx_word' id='word_1_246' title='bbox 1123 3057 1259 3136; x_wconf 90' lang='lat' dir='ltr'><strong>undique</strong></span> <span class='ocrx_word' id='word_1_247' title='bbox 1278 3077 1317 3116; x_wconf 83' lang='lat' dir='ltr'><strong>ex</strong></span> <span class='ocrx_word' id='word_1_248' title='bbox 1343 3101 1344 3140; x_wconf 50' lang='lat'><strong>,</strong></span> 
     </span>
     <span class='ocr_line' id='line_1_32' title="bbox 339 3142 1319 3224; baseline 0.001 -23"><span class='ocrx_word' id='word_1_249' title='bbox 339 3142 515 3203; x_wconf 81' lang='lat' dir='ltr'><strong>civitatibus</strong></span> <span class='ocrx_word' id='word_1_250' title='bbox 536 3144 575 3203; x_wconf 91' lang='lat' dir='ltr'><strong>ad</strong></span> <span class='ocrx_word' id='word_1_251' title='bbox 590 3161 661 3203; x_wconf 89' lang='lat' dir='ltr'><strong>eum</strong></span> <span class='ocrx_word' id='word_1_252' title='bbox 675 3147 893 3219; x_wconf 86' lang='lat' dir='ltr'><strong>convenerant,</strong></span> <span class='ocrx_word' id='word_1_253' title='bbox 909 3163 977 3203; x_wconf 88' lang='lat' dir='ltr'><strong>cum</strong></span> <span class='ocrx_word' id='word_1_254' title='bbox 992 3143 1137 3223; x_wconf 87' lang='lat' dir='ltr'><strong>potestati</strong></span> <span class='ocrx_word' id='word_1_255' title='bbox 1152 3163 1225 3205; x_wconf 91' lang='lat' dir='ltr'><strong>suae</strong></span> <span class='ocrx_word' id='word_1_256' title='bbox 1240 3143 1319 3224; x_wconf 88' lang='lat' dir='ltr'><strong>peri-</strong></span> 
     </span>
     <span class='ocr_line' id='line_1_33' title="bbox 338 3228 1320 3308; baseline 0 -20"><span class='ocrx_word' id='word_1_257' title='bbox 338 3228 435 3289; x_wconf 91' lang='lat' dir='ltr'><strong>culosi</strong></span> <span class='ocrx_word' id='word_1_258' title='bbox 450 3229 636 3304; x_wconf 85' lang='lat' dir='ltr'><strong>viderentur,</strong></span> <span class='ocrx_word' id='word_1_259' title='bbox 651 3228 813 3308; x_wconf 89' lang='lat' dir='ltr'><strong>perfidiose</strong></span> <span class='ocrx_word' id='word_1_260' title='bbox 827 3229 858 3289; x_wconf 92' lang='lat' dir='ltr'><strong>in</strong></span> <span class='ocrx_word' id='word_1_261' title='bbox 873 3229 997 3290; x_wconf 85' lang='lat' dir='ltr'><strong>vincula</strong></span> <span class='ocrx_word' id='word_1_262' title='bbox 1011 3228 1153 3303; x_wconf 88' lang='lat' dir='ltr'><strong>coniecit;</strong></span> <span class='ocrx_word' id='word_1_263' title='bbox 1169 3229 1320 3308; x_wconf 84' lang='lat' dir='ltr'><strong>quingen·</strong></span> 
     </span>
     <span class='ocr_line' id='line_1_34' title="bbox 338 3311 1319 3395; baseline 0 -21"><span class='ocrx_word' id='word_1_264' title='bbox 338 3317 385 3375; x_wconf 91' lang='lat' dir='ltr'><strong>tos</strong></span> <span class='ocrx_word' id='word_1_265' title='bbox 401 3314 536 3395; x_wconf 89' lang='lat' dir='ltr'><strong>corporis</strong></span> <span class='ocrx_word' id='word_1_266' title='bbox 556 3313 695 3375; x_wconf 89' lang='lat' dir='ltr'><strong>custodes</strong></span> <span class='ocrx_word' id='word_1_267' title='bbox 711 3314 796 3374; x_wconf 87' lang='lat' dir='ltr'><strong>alens</strong></span> <span class='ocrx_word' id='word_1_268' title='bbox 819 3315 1053 3376; x_wconf 86' lang='lat' dir='ltr'><strong>dominationem</strong></span> <span class='ocrx_word' id='word_1_269' title='bbox 1069 3311 1251 3376; x_wconf 90' lang='lat' dir='ltr'><strong>Chersonesi</strong></span> <span class='ocrx_word' id='word_1_270' title='bbox 1266 3315 1319 3376; x_wconf 95' lang='lat' dir='ltr'><strong>ob-</strong></span> 
     </span>
     <span class='ocr_line' id='line_1_35' title="bbox 338 3396 1318 3482; baseline 0.002 -22"><span class='ocrx_word' id='word_1_271' title='bbox 338 3399 430 3461; x_wconf 88' lang='lat' dir='ltr'><strong>tinuit</strong></span> <span class='ocrx_word' id='word_1_272' title='bbox 450 3399 605 3479; x_wconf 88' lang='lat' dir='ltr'><strong>filiamque</strong></span> <span class='ocrx_word' id='word_1_273' title='bbox 620 3396 715 3475; x_wconf 87' lang='lat' dir='ltr'><strong>Olori,</strong></span> <span class='ocrx_word' id='word_1_274' title='bbox 738 3400 888 3462; x_wconf 77' lang='lat' dir='ltr'><strong>Thracum</strong></span> <span class='ocrx_word' id='word_1_275' title='bbox 902 3400 999 3480; x_wconf 88' lang='lat' dir='ltr'><strong>regis,</strong></span> <span class='ocrx_word' id='word_1_276' title='bbox 1020 3399 1245 3482; x_wconf 86' lang='lat' dir='ltr'><strong>Hegesipylam</strong></span> <span class='ocrx_word' id='word_1_277' title='bbox 1265 3419 1318 3462; x_wconf 93' lang='lat' dir='ltr'><strong>no-</strong></span> 
     </span>
    </p>

    <p class='ocr_par' dir='ltr' id='par_1_9' title="bbox 272 3472 1318 3818">
     <span class='ocr_line' id='line_1_36' title="bbox 272 3472 1318 3568; baseline 0 -22"><span class='ocrx_word' id='word_1_278' title='bbox 272 3472 316 3537; x_wconf 81' lang='lat'><strong>35</strong></span> <span class='ocrx_word' id='word_1_279' title='bbox 338 3486 490 3561; x_wconf 78' lang='lat' dir='ltr'><strong>mine,&#39;in</strong></span> <span class='ocrx_word' id='word_1_280' title='bbox 512 3485 737 3547; x_wconf 87' lang='lat' dir='ltr'><strong>matrimonium</strong></span> <span class='ocrx_word' id='word_1_281' title='bbox 758 3486 860 3560; x_wconf 84' lang='lat' dir='ltr'><strong>duxit,</strong></span> <span class='ocrx_word' id='word_1_282' title='bbox 889 3506 930 3546; x_wconf 84' lang='lat' dir='ltr'><strong>ex</strong></span> <span class='ocrx_word' id='word_1_283' title='bbox 952 3495 1011 3566; x_wconf 79' lang='lat' dir='ltr'><strong>qu&#39;a</strong></span> <span class='ocrx_word' id='word_1_284' title='bbox 1031 3491 1137 3568; x_wconf 89' lang='lat' dir='ltr'><strong>postea</strong></span> <span class='ocrx_word' id='word_1_285' title='bbox 1159 3483 1318 3546; x_wconf 89' lang='lat' dir='ltr'><strong>Cimonem</strong></span> 
     </span>
     <span class='ocr_line' id='line_1_37' title="bbox 323 3570 1318 3652; baseline 0.003 -24"><span class='ocrx_word' id='word_1_286' title='bbox 323 3571 435 3634; x_wconf 83' lang='lat' dir='ltr'><strong>¹lilium</strong></span> <span class='ocrx_word' id='word_1_287' title='bbox 449 3571 564 3651; x_wconf 79' lang='lat' dir='ltr'><strong>gennit.</strong></span> <span class='ocrx_word' id='word_1_288' title='bbox 608 3570 715 3651; x_wconf 87' lang='lat' dir='ltr'><strong>Neque</strong></span> <span class='ocrx_word' id='word_1_289' title='bbox 738 3589 773 3632; x_wconf 90' lang='lat' dir='ltr'><strong>eo</strong></span> <span class='ocrx_word' id='word_1_290' title='bbox 788 3571 888 3632; x_wconf 90' lang='lat' dir='ltr'><strong>secius</strong></span> <span class='ocrx_word' id='word_1_291' title='bbox 902 3570 1152 3646; x_wconf 86' lang='lat' dir='ltr'><strong>Atheniensibus,</strong></span> <span class='ocrx_word' id='word_1_292' title='bbox 1174 3571 1318 3652; x_wconf 87' lang='lat' dir='ltr'><strong>aquibus</strong></span> 
     </span>
     <span class='ocr_line' id='line_1_38' title="bbox 337 3655 1316 3738; baseline 0.001 -21"><span class='ocrx_word' id='word_1_293' title='bbox 337 3659 406 3719; x_wconf 89' lang='lat' dir='ltr'><strong>erat</strong></span> <span class='ocrx_word' id='word_1_294' title='bbox 419 3659 581 3738; x_wconf 88' lang='lat' dir='ltr'><strong>profectus,</strong></span> <span class='ocrx_word' id='word_1_295' title='bbox 597 3655 697 3718; x_wconf 81' lang='lat' dir='ltr'><strong>officia</strong></span> <span class='ocrx_word' id='word_1_296' title='bbox 711 3658 893 3736; x_wconf 88' lang='lat' dir='ltr'><strong>praestabat.</strong></span> <span class='ocrx_word' id='word_1_297' title='bbox 938 3657 1077 3738; x_wconf 82' lang='lat' dir='ltr'><strong>Pelasgi,</strong></span> <span class='ocrx_word' id='word_1_298' title='bbox 1100 3655 1152 3736; x_wconf 91' lang='lat' dir='ltr'><strong>qui</strong></span> <span class='ocrx_word' id='word_1_299' title='bbox 1166 3657 1316 3718; x_wconf 91' lang='lat' dir='ltr'><strong>Lemnum</strong></span> 
     </span>
     <span class='ocr_line' id='line_1_39' title="bbox 337 3741 1316 3818; baseline 0.001 -15"><span class='ocrx_word' id='word_1_300' title='bbox 337 3741 469 3805; x_wconf 87' lang='lat' dir='ltr'><strong>insulam</strong></span> <span class='ocrx_word' id='word_1_301' title='bbox 484 3743 665 3818; x_wconf 89' lang='lat' dir='ltr'><strong>incolebant,</strong></span> <span class='ocrx_word' id='word_1_302' title='bbox 689 3743 762 3803; x_wconf 91' lang='lat' dir='ltr'><strong>olim</strong></span> <span class='ocrx_word' id='word_1_303' title='bbox 777 3763 818 3804; x_wconf 84' lang='lat' dir='ltr'><strong>cx</strong></span> <span class='ocrx_word' id='word_1_304' title='bbox 832 3742 937 3806; x_wconf 88' lang='lat' dir='ltr'><strong>Attica</strong></span> <span class='ocrx_word' id='word_1_305' title='bbox 956 3743 994 3806; x_wconf 90' lang='lat' dir='ltr'><strong>ab</strong></span> <span class='ocrx_word' id='word_1_306' title='bbox 1010 3741 1249 3805; x_wconf 89' lang='lat' dir='ltr'><strong>Atheniensibus</strong></span> <span class='ocrx_word' id='word_1_307' title='bbox 1263 3763 1316 3804; x_wconf 84' lang='lat' dir='ltr'><strong>ex-</strong></span> 
     </span>
    </p>
   </div>
   <div class='ocr_carea' id='block_1_3' title="bbox 409 4027 431 4071">
    <p class='ocr_par' dir='ltr' id='par_1_10' title="bbox 409 3869 1342 4238">
     <span class='ocr_line' id='line_1_40' title="bbox 409 4027 431 4071; baseline 0 167"><span class='ocrx_word' id='word_1_308' title='bbox 409 4027 431 4071; x_wconf 25' lang='lat' dir='ltr'><strong>p</strong></span> 
     </span>
    </p>
   </div>
   <div class='ocr_carea' id='block_1_4' title="bbox 1326 4257 1341 4422">
    <p class='ocr_par' dir='ltr' id='par_1_11' title="bbox 1326 4235 1341 4422">
     <span class='ocr_line' id='line_1_41' title="bbox 1326 4257 1341 4422; baseline 0 -178"><span class='ocrx_word' id='word_1_309' title='bbox 1326 4257 1341 4422; x_wconf 34' lang='lat'>1</span> 
     </span>
    </p>
   </div>
   <div class='ocr_carea' id='block_1_5' title="bbox 0 0 1378 4486">
    <p class='ocr_par' dir='ltr' id='par_1_12' title="bbox 0 0 1378 4486">
     <span class='ocr_line' id='line_1_42' title="bbox 0 0 1378 4486; baseline 0 3"><span class='ocrx_word' id='word_1_310' title='bbox 0 0 1378 4486; x_wconf 95' lang='lat' dir='ltr'><strong> </strong></span> 
     </span>
    </p>
   </div>
  </div>
 </body>
</html>
