2720 4482
426 303 518 364 XIX.
541 301 746 366 EUMENES.
1011 302 1073 370 103

70 475 116 535 illi
131 474 303 536 lcoemnt:
312 551 314 556 ,
324 495 379 536 sua
390 475 623 555 intemperantia
634 476 786 556 nimiaque
797 475 919 558 licentia
929 480 964 537 ut
974 478 1076 539 omnia

41 636 43 644 ,
70 562 224 639 perdant,
256 582 365 640 neque
390 564 490 622 minus
516 580 567 622 eos
593 563 773 641 quibuscum
802 565 954 636 steterint,
984 583 1075 642 quam

40 665 42 678 ·
71 647 231 706 adversus
249 667 336 726 quos
352 648 485 708 fecerint,
531 647 667 716 Quodsi
691 649 758 726 quis
782 648 903 708 illorum
918 656 1075 710 veterano·

40 755 41 758 ¹
69 751 139 792 rum
158 733 252 811 legat
270 736 366 806 t'acta,
383 735 468 811 paria
481 734 589 793 borum
602 741 773 812 cognoscat,
789 753 887 812 neque
901 753 965 794 rem
979 735 1075 794 ullam

69 819 130 878 nisi
146 823 285 897 tempus
304 820 452 879 interesse
467 820 587 881 iudicet.
622 817 681 879 Sed
697 820 734 880 ad
751 820 820 880 illos
835 827 979 880 revertar.
1019 819 1074 880 Hi·
1095 815 1117 883 5

71 903 169 964 barna
194 913 406 984 sumpserant
430 924 491 965 non
512 906 550 964 ad
572 925 661 964 usum
684 905 771 979 belli,
798 907 852 966 sed
879 907 917 966 ad
940 907 1075 985 ipsorum

70 989 248 1063 luxuriam,
269 993 425 1070 longeque
440 991 520 1050 inter
534 1010 567 1050 se
582 991 790 1052 discesserant.
821 991 888 1052 Hoe
902 991 1075 1071 Antigonus

74 1097 144 1136 oum
170 1078 388 1156 comperisset
413 1076 655 1155 intelligeretqne
681 1097 715 1137 se
737 1097 840 1156 parem
862 1097 921 1138 non
942 1098 1008 1138 esse
1024 1098 1074 1158 pa-

73 1163 148 1221 ratis
164 1163 377 1237 adversariis,
399 1162 507 1221 statuit
522 1161 636 1240 aliquid
651 1162 709 1221 sibi
726 1163 843 1223 consilii
857 1164 928 1223 novi
944 1182 1012 1223 esse
1027 1183 1074 1224 ca-

71 1248 235 1327 piendum.
276 1251 364 1308 Duae
380 1256 467 1307 erant
481 1248 557 1318 viae,
574 1267 634 1325 qua
650 1267 689 1306 ex
704 1246 812 1320 Medis,
828 1248 880 1308 ubi
896 1248 948 1307 ille
963 1249 1075 1310 hiema·
1098 1247 1139 1312 10

74 1334 140 1406 bat,
178 1333 222 1394 ad
266 1333 517 1394 adversariorum
552 1333 748 1393 hibernacula
778 1339 880 1412 posset
909 1335 1072 1412 perveniri.

66 1417 219 1487 <Quarum
238 1420 371 1480 brevior
395 1438 450 1497 per
472 1420 539 1480 loca
562 1418 698 1493 deserta,
720 1438 798 1497 qnae
820 1439 907 1480 nemo
925 1420 1075 1481 incolebat

74 1515 203 1584 propter
220 1524 329 1584 aquae
345 1505 490 1583 inopiam,
513 1508 648 1565 ceterum
662 1504 782 1565 dierum
799 1514 864 1566 erat
878 1507 942 1566 fere
957 1507 1071 1581 decem,

73 1589 128 1650 illa
143 1593 276 1667 autem,
303 1610 362 1670 qna
383 1610 486 1650 omnes
501 1591 723 1664 commeabant,
747 1591 842 1651 altero
858 1595 940 1653 tanto
955 1591 1071 1672 longio-

76 1695 141 1736 rem
172 1677 319 1738 habebat
343 1676 527 1751 anfractum,
561 1678 614 1736 sed
641 1684 706 1737 erat
732 1679 852 1756 copiosa
877 1679 1071 1757 omniumque
1096 1673 1136 1740 15

75 1780 181 1822 rerum
215 1762 391 1823 abundans.
435 1761 510 1822 Hac
539 1761 564 1820 si
594 1763 848 1841 proficisceretur,
879 1763 1073 1841 intelligebat

78 1848 164 1926 prius
188 1847 393 1909 adversarios
414 1849 577 1908 rescituros
600 1848 637 1907 de
659 1868 713 1908 suo
729 1849 876 1920 adventu,
900 1869 992 1926 quam
1007 1851 1072 1928 ipse

77 1935 204 1994 tertiam
221 1940 348 2015 partem
364 1934 542 1994 confecisset
557 1932 689 1993 itineris:
711 1934 758 1993 sin
773 1953 827 2013 per
842 1933 909 1994 loca
923 1935 989 1994 sola
1004 1953 1072 1994 con-

78 2021 240 2094 tenderet,
267 2019 410 2099 sperabat
424 2039 457 2079 se
473 2019 696 2098 imprudentem
715 2018 832 2081 hostem
846 2039 1071 2098 oppressurum.

79 2103 129 2164 An
146 2106 229 2167 hanc
246 2125 316 2166 rem
327 2104 543 2166 conficiendam
555 2100 716 2183 imperavit
727 2123 817 2184 quam
829 2105 975 2184 plurimos
987 2114 1070 2165 utres
1094 2100 1136 2166 20

81 2197 173 2270 atque
190 2192 291 2253 etiam
307 2192 420 2251 culleos
436 2191 613 2270 comparari,
629 2191 786 2270 posthaec
806 2191 962 2269 pabulum,
985 2210 1071 2270 prae-

82 2279 169 2337 terea
184 2277 308 2338 cibaria
322 2283 406 2337 cocta
420 2276 538 2336 dierum
553 2277 671 2349 decem,
693 2286 727 2335 ut
742 2295 832 2355 quam
848 2277 973 2336 minime
986 2277 1073 2337 fieret

82 2361 164 2439 ignis
180 2364 212 2423 in
231 2363 357 2424 castris:
372 2363 430 2422 iter
445 2382 503 2440 quo
519 2363 629 2422 habeat
643 2382 746 2424 omnes
761 2362 848 2422 celat.
883 2360 934 2424 Sic
948 2371 1072 2442 paratus

85 2467 145 2526 qua
160 2450 369 2509 constituerat
382 2448 588 2526 proficiscitur.

126 2533 302 2594 Dimidium
328 2533 392 2594 lere
416 2534 548 2613 spatium
574 2535 759 2609 confecerat,
786 2553 855 2594 oum
880 2553 921 2594 ex
946 2534 1030 2595 fumo
1053 2531 1105 2595 IX
1115 2530 1158 2595 25

82 2626 263 2680 castrorum
285 2619 350 2680 eius
374 2620 504 2699 suspicio
527 2621 619 2680 allata
639 2627 686 2680 est
705 2620 745 2680 ad
766 2618 934 2679 Eumenem
955 2621 1072 2680 hostem

86 2707 344 2786 appropinquare.
367 2701 558 2766 Conveniunt
569 2706 672 2765 duces:
685 2706 849 2783 quaeritur,
862 2705 933 2784 quid
945 2725 1021 2784 opus
1033 2706 1073 2765 sit

86 2789 176 2851 facto.
225 2791 444 2870 Intelligebant
459 2809 562 2850 omnes
576 2794 639 2850 tam
656 2791 794 2849 celeriter
814 2794 915 2870 copias
937 2790 1072 2869 ipsorum

86 2878 230 2937 contrahi
246 2897 306 2938 non
320 2895 423 2956 posse,
446 2895 535 2954 quam
554 2875 723 2955 Antigonus
738 2874 883 2935 affuturus
898 2876 1069 2935 videbatur.

88 2958 149 3021 Hic
165 2963 308 3023 omnibus
323 2962 524 3022 titubantibus
539 2969 570 3021 et
585 2960 728 3021 derebus
744 2961 869 3020 summis
884 2961 1072 3041 desperanti·
1094 2957 1136 3023 30

90 3044 147 3104 bus
162 3047 318 3108 Eumenes
339 3049 394 3119 ait,
419 3047 445 3106 si
466 3047 651 3108 celeritatem
667 3047 762 3108 velint
776 3047 917 3107 adhibere
933 3055 964 3107 et
978 3047 1072 3127 impe-

55 3137 58 3143 '
90 3142 159 3194 rata
174 3136 286 3209 lacere,
302 3133 381 3212 quod
396 3138 467 3194 ante
482 3152 541 3193 non
556 3133 699 3206 fecerint,
713 3153 746 3192 se
761 3152 825 3193 rem
841 3135 1070 3214 expediturum:

92 3234 163 3278 nam
183 3220 266 3298 quod
287 3220 393 3279 diebus
414 3221 546 3299 quinque
567 3220 661 3280 bostis
676 3220 822 3280 transisse
843 3231 958 3300 posset,
981 3240 1014 3279 se
1030 3220 1072 3279 ef-

93 3300 245 3365 fecturum
260 3310 294 3366 ut
315 3323 374 3364 uon
395 3308 495 3364 minus
516 3306 643 3366 totidem
658 3307 777 3366 dierum
792 3307 889 3386 spatio
905 3306 1072 3366 retardara-

93 3389 157 3448 tur:
173 3410 268 3468 quare
283 3391 485 3463 circumirent,
501 3410 572 3451 suas
588 3393 714 3470 quisque
734 3393 945 3451 contraherent
959 3391 1069 3470 copias.
1092 3383 1135 3451 35

95 3470 143 3530 Ad
162 3475 308 3555 Antigoni
323 3481 425 3537 autem
439 3477 655 3542 refrenandum
670 3479 816 3554 impetum
832 3476 893 3536 tale
908 3477 989 3555 capit
1004 3495 1072 3535 con·

95 3556 206 3621 silium.
230 3559 336 3623 Certos
348 3562 441 3622 mittit
452 3561 589 3622 homines
601 3562 638 3622 ad
650 3561 769 3621 infimos
781 3568 906 3635 montes,
923 3563 975 3639 qui
989 3561 1072 3621 obvii

93 3650 183 3705 erant
203 3647 305 3709 itineri
326 3647 585 3724 adversariorum,
608 3648 711 3726 eisque
732 3648 893 3728 praecipit,
919 3655 953 3708 ut
973 3649 1073 3727 prima
