2720 4482
317 389 378 456 138
707 387 893 454 ATTIOUS.

316 567 359 627 ut
384 581 513 644 spero,
539 562 733 637 satisfeci,
767 581 822 622 me
846 560 945 623 nihil
971 561 1114 642 reliqui
1141 563 1289 626 fecisse

317 650 414 730 quod
440 650 485 709 ad
507 648 720 709 sanandum
746 667 800 708 me
831 648 1070 728 pertineret,
1101 648 1292 728 reliquum

316 737 427 797 estut
441 733 912 814 egometmihieonsulam.
957 733 1086 796 Idros
1109 735 1293 814 ignorare
1341 771 1342 820 p

316 819 433 882 nolui.
477 818 1292 881 Nammihistataleromorbumdesinere.
1341 829 1342 850 ยน

269 905 295 969 5
318 907 485 984 Namque
508 904 566 966 his
589 904 723 965 diebus
750 904 931 983 quidquid
954 904 1029 964 eibi
1051 905 1216 986 sumpsi,
1241 907 1293 968 its

317 991 483 1072 produxi
504 990 637 1066 vitam,
667 993 709 1051 ut
737 990 908 1051 auxerim
937 991 1090 1051 dolores
1120 992 1206 1052 sine
1228 1011 1293 1072 spa

318 1077 469 1138 salutis.
512 1075 1121 1156 Quoresvobispeteprimum
1142 1083 1294 1139 uteon-
1342 1111 1343 1124 ฮน

318 1163 448 1222 silium
473 1162 648 1242 probetis
669 1181 799 1235 meum,
827 1161 965 1222 deinde
990 1182 1035 1224 ne
1060 1162 1210 1224 frustra
1232 1165 1293 1224 de-

316 1246 920 1328 hortandoimpedireoouemini.

252 1333 296 1400 10
307 1333 406 1394 XXll
449 1333 517 1394 Hae
531 1334 667 1396 oratione
681 1333 784 1394 habits
797 1335 883 1393 tenta
898 1331 1067 1406 constantia
1090 1332 1176 1394 vocis
1203 1337 1293 1412 atque

316 1419 429 1494 vultus,
445 1424 552 1480 utnon
566 1439 607 1479 ex
621 1419 700 1494 vita,
725 1419 779 1479 sed
794 1437 834 1478 ex
848 1418 937 1479 domo
951 1418 981 1478 in
997 1419 1122 1478 domum
1135 1419 1292 1480 videretur

317 1505 466 1584 migrare,
487 1523 557 1564 oum
577 1505 700 1583 quidem
713 1503 853 1584 Agrippa
872 1523 942 1564 eum
956 1505 1031 1564 flens
1046 1506 1137 1583 etque
1152 1506 1292 1566 osculans

317 1592 417 1650 oraret
428 1591 517 1666 atque
529 1591 708 1663 obsecraret,
719 1609 758 1650 ne
770 1590 808 1650 ad
818 1589 858 1664 id,
871 1590 950 1668 quod
962 1592 1070 1650 nature
1082 1593 1215 1668 cogeret,
1229 1592 1293 1671 ipse

318 1693 436 1753 quoque
450 1675 508 1734 sibi
522 1675 720 1752 aeeeleraret,
744 1676 798 1735 sod
821 1676 963 1754 quoniam
975 1679 1041 1736 tum
1055 1695 1176 1754 quoque
1190 1683 1293 1756 posset
1344 1717 1345 1726 .

249 1758 295 1823 15
316 1759 503 1840 temporibus
517 1779 690 1841 superesse,
715 1780 749 1820 se
767 1761 826 1822 sibi
840 1761 961 1840 suisque
975 1765 1161 1835 reservaret,
1187 1781 1292 1842 preoes

314 1846 381 1906 eius
395 1846 544 1906 taciturno
558 1865 613 1907 suo
627 1847 827 1908 obstinatione
839 1847 996 1926 depressit.
1020 1845 1070 1907 sio
1085 1865 1153 1906 eum
1165 1847 1292 1908 biduum

316 1931 383 1992 oibo
399 1951 433 1992 se
446 1932 650 2006 abstinuisset,
673 1932 772 1993 subito
787 1933 880 1992 febris
895 1932 1026 1993 decessit
1039 1933 1198 2010 leviorque
1214 1953 1292 1994 mor-

314 2019 372 2078 bus
386 2036 454 2077 esse
469 2019 575 2098 eoepit.
609 2017 724 2078 Temen
738 2018 926 2098 propositum
940 2018 1035 2079 nihilo
1050 2018 1149 2078 secius
1163 2020 1293 2098 peregit.

315 2103 424 2182 Itaque
445 2103 495 2163 die
515 2103 620 2182 quinto
640 2107 709 2183 post
724 2123 814 2183 quam
827 2104 860 2164 id
875 2103 1034 2164 eonsilium
1048 2103 1168 2178 inierat,
1193 2105 1293 2183 pridie
1345 2167 1346 2170 ,

245 2185 294 2254 20
317 2185 467 2250 Calendas
480 2187 603 2268 Apriles
619 2186 676 2250 Gn.
692 2188 824 2250 Domitio
840 2186 877 2250 (l.
891 2188 975 2250 Sosio
990 2189 1173 2264 oonsulibus,
1189 2190 1293 2250 deess-

315 2273 363 2337 sit.
406 2273 515 2336 Elatus
530 2277 577 2335 est
589 2274 622 2334 in
637 2275 791 2349 lecticula,
814 2277 849 2335 ut
868 2275 933 2354 ipse
955 2275 1206 2356 praescripserat,
1226 2276 1292 2336 siue

314 2360 380 2419 ulle
393 2379 504 2440 pompa
518 2359 641 2434 funeris,
657 2360 871 2422 eomitautibus
885 2359 1025 2421 omuibus
1040 2360 1139 2436 bonis,
1156 2362 1293 2423 maxims
1346 2413 1347 2422 ,

314 2444 402 2521 vulgi
413 2445 589 2523 frequentia.
607 2443 750 2524 Sepultus
762 2449 808 2506 est
819 2447 905 2507 iuxta
916 2447 999 2506 viam
1010 2445 1142 2527 Appiam
1153 2447 1194 2506 ad
1206 2448 1292 2526 qnin-

314 2530 380 2590 tum
395 2527 527 2608 lapidem
540 2530 573 2589 in
588 2533 780 2591 monumento
796 2529 833 2599 Q.
852 2528 986 2608 Caecilii,
1002 2532 1145 2593 avunculi
1160 2533 1217 2592 sui.
