2748 4486
364 333 452 396 VIII.
476 334 787 399 THRASYBULUS.
1026 337 1070 400 49

353 657 469 739 vul.
499 657 804 760 Thrasybulus,

73 835 318 921 Tnnusrsunus,
343 813 420 927 Lyci
442 845 538 920 filius,
561 845 758 908 Atheniensis
778 851 809 908 et
829 849 1022 910 manufortis
1038 853 1069 911 et
1090 849 1108 911 I
1179 894 1183 898 -
1222 857 1225 860 ’

75 935 129 996 vir
146 933 380 996 honestissimus
396 933 461 994 fuit.
496 933 658 994 Neminem
674 934 745 994 huic
761 935 900 1015 praefero
914 935 983 1011 fide,
1000 955 1069 997 ecn-

75 1020 205 1094 stantia‚
223 1019 317 1080 animi
332 1019 551 1098 magnitudine,
567 1019 599 1078 in
613 1020 744 1098 patriam
759 1039 870 1082 amore.
905 1021 987 1083 Huic
1002 1041 1070 1084 eon-

77 1107 165 1184 tigit,
181 1107 216 1166 ut
231 1105 363 1185 patriam
378 1124 396 1164 a
410 1105 538 1192 triginta
549 1104 688 1184 tyrannis
700 1125 907 1185 oppressame
922 1109 1071 1170 servitute

78 1194 113 1254 in
129 1192 306 1252 libertatem
320 1191 498 1252 vindicaret.
538 1188 599 1252 Sed
613 1190 715 1252 nescio
732 1193 881 1270 quomodo
897 1213 966 1254 cnm
981 1215 1069 1256 nemo
1115 1191 1136 1254 5

78 1299 153 1340 eum
170 1277 304 1338 anteiret
317 1277 381 1336 illis
397 1277 571 1350 virtutibus,
595 1296 669 1356 quas
684 1278 773 1338 modo
790 1278 864 1352 dixi,
881 1279 970 1340 multi
986 1279 1070 1340 nobi-

78 1366 170 1426 litate
194 1365 226 1423 et
254 1363 355 1442 gloria
384 1371 664 1442 praecucurrerunt.
717 1363 855 1424 Primum
878 1365 959 1426 bello
983 1363 1071 1424 Pelo·

78 1449 267 1532 pennesiacc
283 1449 429 1510 nonnulla
443 1448 492 1508 hic
507 1446 573 1508 sine
588 1447 749 1509 Alcibiade
764 1450 875 1526 gessit,
898 1451 988 1530 plura
1003 1469 1071 1510 cum

78 1557 125 1598 eo.
174 1533 255 1596 Cum
270 1531 473 1597 Athenienses
489 1537 613 1594 auctore
627 1533 803 1610 Alcibiade,
827 1535 879 1615 qni
893 1536 926 1596 in
940 1536 1072 1616 patriam

80 1622 224 1684 revocari
244 1621 356 1696 vellet,
385 1620 621 1680 dominationem
644 1620 835 1700 optimatium
857 1622 1070 1695 instituissent,
1095 1619 1136 1682 10

82 1707 299 1786 Thrasybulus
322 1709 352 1766 et
373 1705 571 1785 Thrasyllus,
600 1706 652 1784 qui
681 1708 753 1766 tnnc
774 1707 805 1766 in
828 1709 966 1769 exercItu
990 1709 1072 1788 apud

82 1790 210 1854 Samum
226 1793 321 1866 erant,
338 1791 451 1852 milites
467 1794 710 1866 commoverunt,
735 1795 770 1852 ut
792 1811 859 1854 earn
880 1794 1072 1856 immutatam

85 1879 271 1958 reipublicae
303 1878 512 1938 condicionem
547 1877 698 1938 reicerent
727 1877 923 1958 iurarentque
953 1899 988 1940 se
1016 1899 1070 1960 pro

87 1964 230 2024 libertate
253 1963 355 2024 omnia
380 1982 515 2024 ausuros.
561 1961 629 2030 Quo
655 1963 735 2022 facto
763 1962 890 2023 ducibus
919 1965 1027 2023 elassis
1054 1985 1072 2024 a

87 2069 215 2109 munere
229 2051 354 2109 remotis
371 2067 490 2110 summa
504 2047 625 2128 imperii
639 2049 679 2107 ad
691 2047 919 2126 Thrasybulum
934 2052 965 2108 et
976 2049 1070 2109 Thre—
1096 2047 1136 2111 15

82 2135 201 2215 syllum
228 2135 328 2196 delata
354 2139 408 2196 est.
456 2131 714 2194 Conflictabantur
740 2136 843 2194 autem
869 2153 904 2194 eo
934 2137 1071 2214 tempore

83 2222 291 2282 Athenienses
307 2221 438 2280 adversa
452 2220 527 2279 belli
541 2220 670 2280 fortuna.
695 2220 763 2280 Iam
778 2237 847 2280 enm
861 2239 976 2298 magna
990 2224 1072 2280 esset

81 2307 185 2387 opinio
213 2307 252 2366 de
266 2304 436 2366 Alcibiadis
461 2305 578 2365 virtute
604 2305 684 2386 apud
706 2305 836 2380 milites,
861 2305 1071 2386 Thrasybulus

82 2393 174 2453 facile
198 2392 341 2473 pertulit,
365 2395 400 2452 at
422 2391 450 2451 is
471 2397 668 2452 revocaretur
689 2395 720 2451 et
741 2391 808 2472 pari
829 2392 957 2472 imperio
981 2395 1072 2473 atqu'e

81 2479 150 2559 ipse
170 2482 203 2540 et
224 2477 407 2557 Thrasyllus
427 2475 651 2557 praeficeretur.
696 2476 743 2536 Ac
765 2479 869 2540 statim
883 2498 986 2540 rernm
1003 2497 1070 2540 con·
1095 2476 1136 2540 20

10 2637 11 2642 η
82 2565 187 2626 versio
209 2565 292 2624 facta
313 2566 372 2636 est3
398 2581 470 2623 nam
495 2565 526 2623 et
547 2561 722 2624 Alcibiades
742 2582 808 2624 rem
830 2564 907 2624 bene
928 2565 1026 2642 gessit
1041 2572 1072 2624 ot

10 2729 11 2732 Ἴ
82 2649 299 2730 Thrasybulus
313 2649 344 2709 in
360 2648 554 2730 pugnainter
565 2647 686 2709 Sestum
699 2651 730 2709 et
741 2647 888 2728 Abydum
900 2649 1070 2723 commissa,

83 2737 116 2795 in
138 2757 200 2816 qua
219 2737 325 2796 dextro
348 2754 442 2796 cornu
464 2737 617 2814 praeerat,
641 2734 828 2811 singularem
844 2755 969 2814 operam
984 2753 1071 2813 prae-

85 2822 175 2882 stitit.
221 2821 309 2882 Idem
323 2820 463 2881 interfuit
481 2839 604 2900 pugnae
618 2819 722 2879 navali
742 2819 780 2879 ad
797 2817 941 2898 Cyzicum
963 2820 1070 2894 factae,

84 2906 330 2988 qnahlindarus,
352 2906 417 2968 dux
431 2904 753 2978 Lacedaemoniorum,
775 2905 874 2966 victus
897 2907 928 2965 et
949 2899 1136 2966 intense-25

86 2996 155 3053 ctus
171 2996 227 3052 est.
272 2989 387 3055 Multas
407 2992 518 3053 deindo
540 2992 632 3052 urbes
648 2990 808 3064 Thraciae,
833 3009 911 3070 quae
926 2991 965 3051 ad
980 2989 1072 3052 Lace·

84 3077 264 3138 daemonias
279 3078 462 3154 defecerant,
479 3077 715 3138 Atheniensibus
729 3076 931 3156 recuperarit.

174 3161 250 3224 Post
269 3182 403 3244 pugnam
424 3165 463 3226 ad
478 3162 650 3242 Arginusas
670 3163 786 3224 insulas
806 3163 919 3226 iactam
939 3163 1071 3243 Thrasy·
1093 3163 1128 3223 H

85 3250 180 3310 bulus
211 3268 281 3310 cum
310 3249 513 3326 Theramene,
543 3250 596 3330 qui
625 3252 691 3310 tum
715 3249 875 3310 trierarchi
903 3254 1002 3324 erant,
1035 3250 1074 3308 ad

84 3335 256 3414 naufragos
281 3336 449 3396 servandos
476 3341 508 3397 et
533 3338 721 3398 mortuorum
748 3353 874 3414 corpora
900 3335 1074 3414 colligenda
1097 3330 1139 3394 30

87 3421 177 3482 missi
192 3423 272 3494 sunt,
288 3422 369 3500 quod
384 3423 544 3500 quominus
559 3421 753 3504 perficerent,
775 3423 959 3502 tempestate
974 3420 1073 3481 subito

87 3511 198 3568 exorta
212 3506 351 3586 impediti
366 3509 444 3566 snut.
475 3506 543 3576 Quo
559 3509 639 3570 l'acto
655 3527 693 3570 ne
709 3526 837 3588 poenam
852 3506 911 3586 ipsi
926 3504 1073 3580 subirent,

88 3613 212 3654 omnem
228 3593 349 3673 culpam
364 3592 396 3652 in
411 3591 504 3652 duces
519 3594 624 3656 classis
640 3593 842 3666 contulerunt,
860 3611 877 3652 e
892 3590 1002 3672 quibus
1018 3610 1075 3652 sex

87 3677 206 3741 indicta
227 3697 319 3740 cansa
341 3677 446 3741 statim
466 3679 574 3759 capitis
595 3679 730 3742 damnati
751 3682 783 3740 et
801 3677 952 3759 supplicio
974 3676 1075 3740 affecti

143 3796 246 3838 comatus
259 3798 331 3846 nepes.
870 3787 886 3830 4
