<?xml version="1.0" encoding="UTF-8"?>
<!DOCTYPE html PUBLIC "-//W3C//DTD XHTML 1.0 Transitional//EN"
    "http://www.w3.org/TR/xhtml1/DTD/xhtml1-transitional.dtd">
<html xmlns="http://www.w3.org/1999/xhtml" xml:lang="en" lang="en">
 <head>
  <title>
</title>
<meta http-equiv="Content-Type" content="text/html;charset=utf-8" />
  <meta name='ocr-system' content='tesseract 3.04.00' />
  <meta name='ocr-capabilities' content='ocr_page ocr_carea ocr_par ocr_line ocrx_word'/>
</head>
<body>
  <div class='ocr_page' id='page_1' title='image "./liberdeexcelben01nepogoog_0147.png"; bbox 0 0 2720 4482; ppageno 0'>
   <div class='ocr_carea' id='block_1_1' title="bbox 306 387 971 492">
    <p class='ocr_par' dir='ltr' id='par_1_1' title="bbox 306 387 971 492">
     <span class='ocr_line' id='line_1_1' title="bbox 306 387 971 492; baseline 0.006 -40"><span class='ocrx_word' id='word_1_1' title='bbox 306 387 371 453; x_wconf 86' lang='lat'>114</span> <span class='ocrx_word' id='word_1_2' title='bbox 620 390 713 492; x_wconf 74' lang='lat' dir='ltr'>xm</span> <span class='ocrx_word' id='word_1_3' title='bbox 737 389 971 457; x_wconf 76' lang='lat' dir='ltr'>ammom.</span> 
     </span>
    </p>
   </div>
   <div class='ocr_carea' id='block_1_2' title="bbox 231 557 1294 3817">
    <p class='ocr_par' dir='ltr' id='par_1_2' title="bbox 248 557 1294 899">
     <span class='ocr_line' id='line_1_2' title="bbox 248 557 1294 644; baseline -0.001 -18"><span class='ocrx_word' id='word_1_4' title='bbox 248 563 281 626; x_wconf 89' lang='lat'>11</span> <span class='ocrx_word' id='word_1_5' title='bbox 389 562 432 624; x_wconf 86' lang='lat' dir='ltr'>At</span> <span class='ocrx_word' id='word_1_6' title='bbox 446 561 500 622; x_wconf 89' lang='lat' dir='ltr'>ille</span> <span class='ocrx_word' id='word_1_7' title='bbox 514 561 549 622; x_wconf 89' lang='lat' dir='ltr'>ut</span> <span class='ocrx_word' id='word_1_8' title='bbox 564 557 781 640; x_wconf 75' lang='lat' dir='ltr'><strong>Carthaginem</strong></span> <span class='ocrx_word' id='word_1_9' title='bbox 795 563 895 636; x_wconf 83' lang='lat' dir='ltr'>veuit,</span> <span class='ocrx_word' id='word_1_10' title='bbox 918 562 1015 622; x_wconf 89' lang='lat' dir='ltr'>multo</span> <span class='ocrx_word' id='word_1_11' title='bbox 1031 561 1121 623; x_wconf 89' lang='lat' dir='ltr'>aliter</span> <span class='ocrx_word' id='word_1_12' title='bbox 1134 580 1174 624; x_wconf 88' lang='lat' dir='ltr'>ac</span> <span class='ocrx_word' id='word_1_13' title='bbox 1189 583 1294 644; x_wconf 80' lang='lat' dir='ltr'>spera-</span> 
     </span>
     <span class='ocr_line' id='line_1_3' title="bbox 302 647 1289 728; baseline -0.001 -18"><span class='ocrx_word' id='word_1_14' title='bbox 302 652 351 710; x_wconf 87' lang='lat' dir='ltr'>rat</span> <span class='ocrx_word' id='word_1_15' title='bbox 365 647 586 728; x_wconf 79' lang='lat' dir='ltr'>rempublicam</span> <span class='ocrx_word' id='word_1_16' title='bbox 602 667 635 708; x_wconf 87' lang='lat' dir='ltr'>se</span> <span class='ocrx_word' id='word_1_17' title='bbox 649 649 811 708; x_wconf 77' lang='lat' dir='ltr'><strong>habentem</strong></span> <span class='ocrx_word' id='word_1_18' title='bbox 827 649 980 728; x_wconf 85' lang='lat' dir='ltr'>cognovit</span> <span class='ocrx_word' id='word_1_19' title='bbox 1015 647 1158 726; x_wconf 81' lang='lat' dir='ltr'>Namque</span> <span class='ocrx_word' id='word_1_20' title='bbox 1174 649 1289 710; x_wconf 86' lang='lat' dir='ltr'>diutur-</span> 
     </span>
     <span class='ocr_line' id='line_1_4' title="bbox 303 732 1291 810; baseline 0.001 -15"><span class='ocrx_word' id='word_1_21' title='bbox 303 735 399 795; x_wconf 86' lang='lat' dir='ltr'>nitate</span> <span class='ocrx_word' id='word_1_22' title='bbox 415 733 535 794; x_wconf 83' lang='lat' dir='ltr'>externi</span> <span class='ocrx_word' id='word_1_23' title='bbox 550 733 624 794; x_wconf 89' lang='lat' dir='ltr'>mali</span> <span class='ocrx_word' id='word_1_24' title='bbox 638 738 757 794; x_wconf 90' lang='lat' dir='ltr'>tantum</span> <span class='ocrx_word' id='word_1_25' title='bbox 772 735 890 795; x_wconf 79' lang='lat' dir='ltr'>exarsit</span> <span class='ocrx_word' id='word_1_26' title='bbox 909 732 1087 794; x_wconf 87' lang='lat' dir='ltr'>intestinum</span> <span class='ocrx_word' id='word_1_27' title='bbox 1103 734 1238 810; x_wconf 87' lang='lat' dir='ltr'>bellum,</span> <span class='ocrx_word' id='word_1_28' title='bbox 1258 739 1291 796; x_wconf 90' lang='lat' dir='ltr'>ut</span> 
     </span>
     <span class='ocr_line' id='line_1_5' title="bbox 303 816 1291 899; baseline 0.001 -19"><span class='ocrx_word' id='word_1_29' title='bbox 303 837 469 899; x_wconf 79' lang='lat' dir='ltr'>numquam</span> <span class='ocrx_word' id='word_1_30' title='bbox 483 818 551 899; x_wconf 88' lang='lat' dir='ltr'>pari</span> <span class='ocrx_word' id='word_1_31' title='bbox 565 819 700 898; x_wconf 89' lang='lat' dir='ltr'>periculo</span> <span class='ocrx_word' id='word_1_32' title='bbox 720 820 813 880; x_wconf 88' lang='lat' dir='ltr'>suerit</span> <span class='ocrx_word' id='word_1_33' title='bbox 827 816 993 898; x_wconf 86' lang='lat' dir='ltr'>Carthago,</span> <span class='ocrx_word' id='word_1_34' title='bbox 1017 819 1077 878; x_wconf 89' lang='lat' dir='ltr'>nisi</span> <span class='ocrx_word' id='word_1_35' title='bbox 1097 837 1169 879; x_wconf 90' lang='lat' dir='ltr'>cum</span> <span class='ocrx_word' id='word_1_36' title='bbox 1192 821 1291 882; x_wconf 90' lang='lat' dir='ltr'>deleta</span> 
     </span>
    </p>

    <p class='ocr_par' dir='ltr' id='par_1_3' title="bbox 259 903 1292 1328">
     <span class='ocr_line' id='line_1_6' title="bbox 259 903 1292 984; baseline 0 -18"><span class='ocrx_word' id='word_1_37' title='bbox 259 903 359 966; x_wconf 74' lang='lat' dir='ltr'>best.</span> <span class='ocrx_word' id='word_1_38' title='bbox 403 904 506 966; x_wconf 90' lang='lat' dir='ltr'>Primo</span> <span class='ocrx_word' id='word_1_39' title='bbox 532 905 712 966; x_wconf 78' lang='lat' dir='ltr'>mercenarii</span> <span class='ocrx_word' id='word_1_40' title='bbox 742 905 855 966; x_wconf 76' lang='lat' dir='ltr'>milites</span> <span class='ocrx_word' id='word_1_41' title='bbox 883 905 935 984; x_wconf 90' lang='lat' dir='ltr'>qui</span> <span class='ocrx_word' id='word_1_42' title='bbox 961 904 1110 966; x_wconf 82' lang='lat' dir='ltr'>adversus</span> <span class='ocrx_word' id='word_1_43' title='bbox 1136 904 1292 968; x_wconf 82' lang='lat' dir='ltr'>Romanos</span> 
     </span>
     <span class='ocr_line' id='line_1_7' title="bbox 304 989 1292 1069; baseline 0 -18"><span class='ocrx_word' id='word_1_44' title='bbox 304 991 426 1051; x_wconf 85' lang='lat' dir='ltr'>fueraut</span> <span class='ocrx_word' id='word_1_45' title='bbox 447 989 655 1068; x_wconf 75' lang='lat' dir='ltr'>descirerunt3</span> <span class='ocrx_word' id='word_1_46' title='bbox 683 1009 810 1069; x_wconf 87' lang='lat' dir='ltr'>quorum</span> <span class='ocrx_word' id='word_1_47' title='bbox 833 1010 977 1051; x_wconf 91' lang='lat' dir='ltr'>numerus</span> <span class='ocrx_word' id='word_1_48' title='bbox 999 998 1065 1050; x_wconf 86' lang='lat' dir='ltr'>erat</span> <span class='ocrx_word' id='word_1_49' title='bbox 1085 989 1156 1069; x_wconf 87' lang='lat' dir='ltr'>plus</span> <span class='ocrx_word' id='word_1_50' title='bbox 1180 991 1292 1069; x_wconf 84' lang='lat' dir='ltr'>viginti</span> 
     </span>
     <span class='ocr_line' id='line_1_8' title="bbox 303 1067 1292 1157; baseline 0 -21"><span class='ocrx_word' id='word_1_51' title='bbox 303 1076 432 1150; x_wconf 91' lang='lat' dir='ltr'>milium,</span> <span class='ocrx_word' id='word_1_52' title='bbox 446 1075 545 1154; x_wconf 89' lang='lat' dir='ltr'>iisque</span> <span class='ocrx_word' id='word_1_53' title='bbox 559 1095 592 1135; x_wconf 90' lang='lat' dir='ltr'>se</span> <span class='ocrx_word' id='word_1_54' title='bbox 603 1067 806 1137; x_wconf 84' lang='lat' dir='ltr'>adiunxerant</span> <span class='ocrx_word' id='word_1_55' title='bbox 816 1076 1013 1157; x_wconf 80' lang='lat' dir='ltr'>septuaginta</span> <span class='ocrx_word' id='word_1_56' title='bbox 1032 1074 1118 1136; x_wconf 90' lang='lat' dir='ltr'>milia</span> <span class='ocrx_word' id='word_1_57' title='bbox 1129 1075 1292 1150; x_wconf 73' lang='lat' dir='ltr'>Afrorum,</span> 
     </span>
     <span class='ocr_line' id='line_1_9' title="bbox 303 1157 1292 1243; baseline -0.001 -21"><span class='ocrx_word' id='word_1_58' title='bbox 303 1180 375 1226; x_wconf 90' lang='lat' dir='ltr'>nam</span> <span class='ocrx_word' id='word_1_59' title='bbox 385 1165 481 1221; x_wconf 88' lang='lat' dir='ltr'>totam</span> <span class='ocrx_word' id='word_1_60' title='bbox 489 1161 625 1222; x_wconf 85' lang='lat' dir='ltr'>Africam</span> <span class='ocrx_word' id='word_1_61' title='bbox 635 1161 892 1236; x_wconf 80' lang='lat' dir='ltr'>abalienaverant,</span> <span class='ocrx_word' id='word_1_62' title='bbox 904 1163 1061 1243; x_wconf 87' lang='lat' dir='ltr'>ipsamque</span> <span class='ocrx_word' id='word_1_63' title='bbox 1069 1157 1292 1239; x_wconf 83' lang='lat' dir='ltr'>Carthaginem</span> 
     </span>
     <span class='ocr_line' id='line_1_10' title="bbox 304 1245 1291 1328; baseline -0.002 -20"><span class='ocrx_word' id='word_1_64' title='bbox 304 1251 526 1328; x_wconf 80' lang='lat' dir='ltr'>oppugnarunt.</span> <span class='ocrx_word' id='word_1_65' title='bbox 572 1246 692 1316; x_wconf 80' lang='lat' dir='ltr'>Quibus</span> <span class='ocrx_word' id='word_1_66' title='bbox 713 1247 803 1307; x_wconf 89' lang='lat' dir='ltr'>malis</span> <span class='ocrx_word' id='word_1_67' title='bbox 827 1248 903 1308; x_wconf 89' lang='lat' dir='ltr'>adeo</span> <span class='ocrx_word' id='word_1_68' title='bbox 924 1254 995 1308; x_wconf 90' lang='lat' dir='ltr'>sunt</span> <span class='ocrx_word' id='word_1_69' title='bbox 1009 1245 1104 1306; x_wconf 89' lang='lat' dir='ltr'>Poeni</span> <span class='ocrx_word' id='word_1_70' title='bbox 1125 1248 1291 1326; x_wconf 84' lang='lat' dir='ltr'>perterriti,</span> 
     </span>
    </p>

    <p class='ocr_par' dir='ltr' id='par_1_4' title="bbox 241 1330 1293 1754">
     <span class='ocr_line' id='line_1_11' title="bbox 241 1330 1292 1412; baseline -0.003 -17"><span class='ocrx_word' id='word_1_71' title='bbox 241 1330 283 1395; x_wconf 92' lang='lat'>10</span> <span class='ocrx_word' id='word_1_72' title='bbox 304 1339 340 1394; x_wconf 92' lang='lat' dir='ltr'>ut</span> <span class='ocrx_word' id='word_1_73' title='bbox 354 1334 448 1393; x_wconf 89' lang='lat' dir='ltr'>etiam</span> <span class='ocrx_word' id='word_1_74' title='bbox 464 1332 577 1392; x_wconf 84' lang='lat' dir='ltr'>auxilia</span> <span class='ocrx_word' id='word_1_75' title='bbox 591 1352 610 1393; x_wconf 90' lang='lat' dir='ltr'>a</span> <span class='ocrx_word' id='word_1_76' title='bbox 623 1331 770 1393; x_wconf 88' lang='lat' dir='ltr'>Romanis</span> <span class='ocrx_word' id='word_1_77' title='bbox 794 1339 946 1412; x_wconf 88' lang='lat' dir='ltr'>peterent;</span> <span class='ocrx_word' id='word_1_78' title='bbox 969 1333 1001 1394; x_wconf 93' lang='lat' dir='ltr'>hi</span> <span class='ocrx_word' id='word_1_79' title='bbox 1023 1351 1060 1393; x_wconf 89' lang='lat' dir='ltr'>ea</span> <span class='ocrx_word' id='word_1_80' title='bbox 1081 1333 1211 1409; x_wconf 88' lang='lat' dir='ltr'>quidem</span> <span class='ocrx_word' id='word_1_81' title='bbox 1237 1351 1292 1393; x_wconf 92' lang='lat' dir='ltr'>non</span> 
     </span>
     <span class='ocr_line' id='line_1_12' title="bbox 304 1417 1293 1498; baseline -0.001 -19"><span class='ocrx_word' id='word_1_82' title='bbox 304 1419 468 1490; x_wconf 88' lang='lat' dir='ltr'>miseruut,</span> <span class='ocrx_word' id='word_1_83' title='bbox 484 1419 538 1477; x_wconf 92' lang='lat' dir='ltr'>sed</span> <span class='ocrx_word' id='word_1_84' title='bbox 554 1419 769 1498; x_wconf 89' lang='lat' dir='ltr'>permiserunt,</span> <span class='ocrx_word' id='word_1_85' title='bbox 792 1424 827 1478; x_wconf 90' lang='lat' dir='ltr'>nt</span> <span class='ocrx_word' id='word_1_86' title='bbox 840 1417 936 1479; x_wconf 88' lang='lat' dir='ltr'>Poeni</span> <span class='ocrx_word' id='word_1_87' title='bbox 950 1419 989 1479; x_wconf 91' lang='lat' dir='ltr'>ad</span> <span class='ocrx_word' id='word_1_88' title='bbox 1004 1417 1034 1477; x_wconf 90' lang='lat' dir='ltr'>id</span> <span class='ocrx_word' id='word_1_89' title='bbox 1051 1417 1168 1477; x_wconf 89' lang='lat' dir='ltr'>bellum</span> <span class='ocrx_word' id='word_1_90' title='bbox 1185 1437 1293 1496; x_wconf 87' lang='lat' dir='ltr'>geren-</span> 
     </span>
     <span class='ocr_line' id='line_1_13' title="bbox 305 1503 1292 1582; baseline -0.004 -16"><span class='ocrx_word' id='word_1_91' title='bbox 305 1506 378 1566; x_wconf 87' lang='lat' dir='ltr'>dum</span> <span class='ocrx_word' id='word_1_92' title='bbox 398 1504 511 1564; x_wconf 82' lang='lat' dir='ltr'>milites</span> <span class='ocrx_word' id='word_1_93' title='bbox 532 1503 563 1563; x_wconf 91' lang='lat' dir='ltr'>in</span> <span class='ocrx_word' id='word_1_94' title='bbox 583 1503 675 1564; x_wconf 89' lang='lat' dir='ltr'>Italia</span> <span class='ocrx_word' id='word_1_95' title='bbox 694 1504 834 1564; x_wconf 88' lang='lat' dir='ltr'>mercede</span> <span class='ocrx_word' id='word_1_96' title='bbox 854 1504 1072 1577; x_wconf 87' lang='lat' dir='ltr'>conducerent,</span> <span class='ocrx_word' id='word_1_97' title='bbox 1099 1511 1200 1582; x_wconf 90' lang='lat' dir='ltr'>utque</span> <span class='ocrx_word' id='word_1_98' title='bbox 1221 1503 1292 1564; x_wconf 92' lang='lat' dir='ltr'>socii</span> 
     </span>
     <span class='ocr_line' id='line_1_14' title="bbox 304 1588 1291 1669; baseline -0.001 -20"><span class='ocrx_word' id='word_1_99' title='bbox 304 1591 441 1669; x_wconf 91' lang='lat' dir='ltr'>ipsorum</span> <span class='ocrx_word' id='word_1_100' title='bbox 462 1588 526 1648; x_wconf 88' lang='lat' dir='ltr'>illis</span> <span class='ocrx_word' id='word_1_101' title='bbox 548 1594 749 1649; x_wconf 88' lang='lat' dir='ltr'>commeatum</span> <span class='ocrx_word' id='word_1_102' title='bbox 772 1595 1000 1669; x_wconf 89' lang='lat' dir='ltr'>supportarent,</span> <span class='ocrx_word' id='word_1_103' title='bbox 1023 1591 1177 1650; x_wconf 88' lang='lat' dir='ltr'>miseruut</span> <span class='ocrx_word' id='word_1_104' title='bbox 1202 1591 1291 1651; x_wconf 88' lang='lat' dir='ltr'>etiam</span> 
     </span>
     <span class='ocr_line' id='line_1_15' title="bbox 305 1673 1292 1754; baseline 0 -20"><span class='ocrx_word' id='word_1_105' title='bbox 305 1676 440 1752; x_wconf 89' lang='lat' dir='ltr'>legatos,</span> <span class='ocrx_word' id='word_1_106' title='bbox 462 1674 513 1753; x_wconf 89' lang='lat' dir='ltr'>qui</span> <span class='ocrx_word' id='word_1_107' title='bbox 535 1691 642 1752; x_wconf 89' lang='lat' dir='ltr'>paoem</span> <span class='ocrx_word' id='word_1_108' title='bbox 664 1673 744 1734; x_wconf 90' lang='lat' dir='ltr'>inter</span> <span class='ocrx_word' id='word_1_109' title='bbox 758 1675 876 1735; x_wconf 89' lang='lat' dir='ltr'>Poenos</span> <span class='ocrx_word' id='word_1_110' title='bbox 892 1675 1044 1754; x_wconf 84' lang='lat' dir='ltr'>Afrosque</span> <span class='ocrx_word' id='word_1_111' title='bbox 1062 1675 1199 1735; x_wconf 87' lang='lat' dir='ltr'>rebelles</span> <span class='ocrx_word' id='word_1_112' title='bbox 1215 1694 1292 1734; x_wconf 90' lang='lat' dir='ltr'>oom-</span> 
     </span>
    </p>

    <p class='ocr_par' dir='ltr' id='par_1_5' title="bbox 243 1755 1292 2182">
     <span class='ocr_line' id='line_1_16' title="bbox 243 1755 1291 1842; baseline 0 -23"><span class='ocrx_word' id='word_1_113' title='bbox 243 1755 283 1820; x_wconf 86' lang='lat'>15</span> <span class='ocrx_word' id='word_1_114' title='bbox 305 1766 465 1842; x_wconf 90' lang='lat' dir='ltr'>ponerent;</span> <span class='ocrx_word' id='word_1_115' title='bbox 486 1779 583 1838; x_wconf 84' lang='lat' dir='ltr'>neque</span> <span class='ocrx_word' id='word_1_116' title='bbox 603 1760 634 1820; x_wconf 90' lang='lat' dir='ltr'>in</span> <span class='ocrx_word' id='word_1_117' title='bbox 654 1759 746 1820; x_wconf 89' lang='lat' dir='ltr'>fidem</span> <span class='ocrx_word' id='word_1_118' title='bbox 767 1760 977 1840; x_wconf 91' lang='lat' dir='ltr'>dicionemque</span> <span class='ocrx_word' id='word_1_119' title='bbox 998 1779 1086 1820; x_wconf 90' lang='lat' dir='ltr'>suam</span> <span class='ocrx_word' id='word_1_120' title='bbox 1106 1763 1291 1840; x_wconf 88' lang='lat' dir='ltr'>receperunt</span> 
     </span>
     <span class='ocr_line' id='line_1_17' title="bbox 306 1843 1291 1924; baseline -0.002 -18"><span class='ocrx_word' id='word_1_121' title='bbox 306 1846 446 1907; x_wconf 84' lang='lat' dir='ltr'>civitates</span> <span class='ocrx_word' id='word_1_122' title='bbox 461 1843 592 1918; x_wconf 84' lang='lat' dir='ltr'>Africae,</span> <span class='ocrx_word' id='word_1_123' title='bbox 609 1846 732 1924; x_wconf 88' lang='lat' dir='ltr'>quaein</span> <span class='ocrx_word' id='word_1_124' title='bbox 748 1864 814 1905; x_wconf 90' lang='lat' dir='ltr'>eam</span> <span class='ocrx_word' id='word_1_125' title='bbox 830 1866 863 1906; x_wconf 91' lang='lat' dir='ltr'>se</span> <span class='ocrx_word' id='word_1_126' title='bbox 876 1847 1098 1906; x_wconf 87' lang='lat' dir='ltr'>commiserant.</span> <span class='ocrx_word' id='word_1_127' title='bbox 1136 1843 1219 1906; x_wconf 91' lang='lat' dir='ltr'>Cum</span> <span class='ocrx_word' id='word_1_128' title='bbox 1234 1847 1291 1906; x_wconf 89' lang='lat' dir='ltr'>iam</span> 
     </span>
     <span class='ocr_line' id='line_1_18' title="bbox 306 1929 1292 2014; baseline -0.002 -22"><span class='ocrx_word' id='word_1_129' title='bbox 306 1951 401 2014; x_wconf 89' lang='lat' dir='ltr'>prope</span> <span class='ocrx_word' id='word_1_130' title='bbox 426 1932 464 1992; x_wconf 89' lang='lat' dir='ltr'>ad</span> <span class='ocrx_word' id='word_1_131' title='bbox 496 1931 739 2010; x_wconf 87' lang='lat' dir='ltr'>desperationem</span> <span class='ocrx_word' id='word_1_132' title='bbox 767 1933 991 2011; x_wconf 85' lang='lat' dir='ltr'>pervenissent,</span> <span class='ocrx_word' id='word_1_133' title='bbox 1022 1929 1292 2009; x_wconf 82' lang='lat' dir='ltr'>Carthaginienses</span> 
     </span>
     <span class='ocr_line' id='line_1_19' title="bbox 306 2017 1291 2096; baseline -0.004 -18"><span class='ocrx_word' id='word_1_134' title='bbox 306 2017 515 2078; x_wconf 81' lang='lat' dir='ltr'>Hamilcarem</span> <span class='ocrx_word' id='word_1_135' title='bbox 530 2018 745 2096; x_wconf 86' lang='lat' dir='ltr'>imperatorem</span> <span class='ocrx_word' id='word_1_136' title='bbox 760 2019 905 2078; x_wconf 77' lang='lat' dir='ltr'>lecerunt.</span> <span class='ocrx_word' id='word_1_137' title='bbox 949 2020 982 2077; x_wconf 90' lang='lat' dir='ltr'>Is</span> <span class='ocrx_word' id='word_1_138' title='bbox 997 2037 1057 2078; x_wconf 92' lang='lat' dir='ltr'>non</span> <span class='ocrx_word' id='word_1_139' title='bbox 1072 2017 1173 2077; x_wconf 92' lang='lat' dir='ltr'>solum</span> <span class='ocrx_word' id='word_1_140' title='bbox 1190 2019 1291 2079; x_wconf 83' lang='lat' dir='ltr'>hostes</span> 
     </span>
     <span class='ocr_line' id='line_1_20' title="bbox 307 2099 1292 2182; baseline -0.003 -18"><span class='ocrx_word' id='word_1_141' title='bbox 307 2123 326 2164; x_wconf 93' lang='lat' dir='ltr'>a</span> <span class='ocrx_word' id='word_1_142' title='bbox 341 2103 436 2163; x_wconf 89' lang='lat' dir='ltr'>muris</span> <span class='ocrx_word' id='word_1_143' title='bbox 457 2099 651 2180; x_wconf 78' lang='lat' dir='ltr'>Carthaginis</span> <span class='ocrx_word' id='word_1_144' title='bbox 666 2103 809 2175; x_wconf 87' lang='lat' dir='ltr'>removit,</span> <span class='ocrx_word' id='word_1_145' title='bbox 833 2122 901 2162; x_wconf 90' lang='lat' dir='ltr'>cum</span> <span class='ocrx_word' id='word_1_146' title='bbox 921 2103 1051 2182; x_wconf 88' lang='lat' dir='ltr'>amplius</span> <span class='ocrx_word' id='word_1_147' title='bbox 1068 2107 1194 2162; x_wconf 89' lang='lat' dir='ltr'>centum</span> <span class='ocrx_word' id='word_1_148' title='bbox 1210 2103 1292 2162; x_wconf 91' lang='lat' dir='ltr'>milia</span> 
     </span>
    </p>

    <p class='ocr_par' dir='ltr' id='par_1_6' title="bbox 241 2186 1291 2523">
     <span class='ocr_line' id='line_1_21' title="bbox 241 2186 1290 2268; baseline -0.003 -17"><span class='ocrx_word' id='word_1_149' title='bbox 241 2186 285 2251; x_wconf 87' lang='lat'>20</span> <span class='ocrx_word' id='word_1_150' title='bbox 306 2190 387 2250; x_wconf 85' lang='lat' dir='ltr'>facta</span> <span class='ocrx_word' id='word_1_151' title='bbox 398 2193 499 2248; x_wconf 90' lang='lat' dir='ltr'>essent</span> <span class='ocrx_word' id='word_1_152' title='bbox 510 2193 703 2262; x_wconf 89' lang='lat' dir='ltr'>armatorum,</span> <span class='ocrx_word' id='word_1_153' title='bbox 716 2187 770 2248; x_wconf 89' lang='lat' dir='ltr'>sed</span> <span class='ocrx_word' id='word_1_154' title='bbox 783 2189 875 2248; x_wconf 89' lang='lat' dir='ltr'>etiam</span> <span class='ocrx_word' id='word_1_155' title='bbox 887 2208 922 2249; x_wconf 91' lang='lat' dir='ltr'>eo</span> <span class='ocrx_word' id='word_1_156' title='bbox 934 2187 1087 2268; x_wconf 88' lang='lat' dir='ltr'>compulit,</span> <span class='ocrx_word' id='word_1_157' title='bbox 1104 2192 1140 2248; x_wconf 90' lang='lat' dir='ltr'>ut</span> <span class='ocrx_word' id='word_1_158' title='bbox 1154 2189 1290 2250; x_wconf 89' lang='lat' dir='ltr'>locorum</span> 
     </span>
     <span class='ocr_line' id='line_1_22' title="bbox 308 2271 1291 2354; baseline -0.004 -18"><span class='ocrx_word' id='word_1_159' title='bbox 308 2275 457 2354; x_wconf 88' lang='lat' dir='ltr'>angustiis</span> <span class='ocrx_word' id='word_1_160' title='bbox 472 2274 568 2334; x_wconf 88' lang='lat' dir='ltr'>clausi</span> <span class='ocrx_word' id='word_1_161' title='bbox 583 2280 614 2334; x_wconf 90' lang='lat' dir='ltr'>et</span> <span class='ocrx_word' id='word_1_162' title='bbox 628 2274 708 2334; x_wconf 84' lang='lat' dir='ltr'>lame</span> <span class='ocrx_word' id='word_1_163' title='bbox 724 2279 755 2334; x_wconf 91' lang='lat' dir='ltr'>et</span> <span class='ocrx_word' id='word_1_164' title='bbox 770 2275 849 2333; x_wconf 84' lang='lat' dir='ltr'>ferro</span> <span class='ocrx_word' id='word_1_165' title='bbox 865 2274 1007 2353; x_wconf 90' lang='lat' dir='ltr'>perirent.</span> <span class='ocrx_word' id='word_1_166' title='bbox 1053 2271 1164 2334; x_wconf 87' lang='lat' dir='ltr'>Omnia</span> <span class='ocrx_word' id='word_1_167' title='bbox 1180 2273 1291 2354; x_wconf 90' lang='lat' dir='ltr'>oppida</span> 
     </span>
     <span class='ocr_line' id='line_1_23' title="bbox 309 2357 1289 2440; baseline -0.004 -19"><span class='ocrx_word' id='word_1_168' title='bbox 309 2361 495 2433; x_wconf 87' lang='lat' dir='ltr'>abalienata,</span> <span class='ocrx_word' id='word_1_169' title='bbox 517 2360 549 2418; x_wconf 92' lang='lat' dir='ltr'>in</span> <span class='ocrx_word' id='word_1_170' title='bbox 569 2359 616 2418; x_wconf 92' lang='lat' dir='ltr'>his</span> <span class='ocrx_word' id='word_1_171' title='bbox 632 2357 752 2420; x_wconf 85' lang='lat' dir='ltr'>Uticam</span> <span class='ocrx_word' id='word_1_172' title='bbox 768 2363 859 2438; x_wconf 86' lang='lat' dir='ltr'>atque</span> <span class='ocrx_word' id='word_1_173' title='bbox 873 2359 1056 2440; x_wconf 88' lang='lat' dir='ltr'>Hipponem,</span> <span class='ocrx_word' id='word_1_174' title='bbox 1078 2359 1289 2420; x_wconf 84' lang='lat' dir='ltr'>valentissima</span> 
     </span>
     <span class='ocr_line' id='line_1_24' title="bbox 308 2443 837 2523; baseline -0.004 -17"><span class='ocrx_word' id='word_1_175' title='bbox 308 2445 401 2506; x_wconf 91' lang='lat' dir='ltr'>totius</span> <span class='ocrx_word' id='word_1_176' title='bbox 417 2443 547 2516; x_wconf 87' lang='lat' dir='ltr'>Africae,</span> <span class='ocrx_word' id='word_1_177' title='bbox 565 2445 698 2504; x_wconf 87' lang='lat' dir='ltr'>restituit</span> <span class='ocrx_word' id='word_1_178' title='bbox 713 2445 837 2523; x_wconf 88' lang='lat' dir='ltr'>patriae.</span> 
     </span>
    </p>

    <p class='ocr_par' dir='ltr' id='par_1_7' title="bbox 231 2528 1288 2609">
     <span class='ocr_line' id='line_1_25' title="bbox 231 2528 1288 2609; baseline -0.006 -17"><span class='ocrx_word' id='word_1_179' title='bbox 231 2530 286 2592; x_wconf 91' lang='grc' dir='ltr'>ΠΙ</span> <span class='ocrx_word' id='word_1_180' title='bbox 394 2528 498 2588; x_wconf 87' lang='lat' dir='ltr'>Rebus</span> <span class='ocrx_word' id='word_1_181' title='bbox 519 2529 565 2587; x_wconf 91' lang='lat' dir='ltr'>his</span> <span class='ocrx_word' id='word_1_182' title='bbox 589 2548 627 2588; x_wconf 88' lang='lat' dir='ltr'>ex</span> <span class='ocrx_word' id='word_1_183' title='bbox 643 2530 794 2590; x_wconf 87' lang='lat' dir='ltr'>sententia</span> <span class='ocrx_word' id='word_1_184' title='bbox 808 2531 939 2609; x_wconf 87' lang='lat' dir='ltr'>peractis</span> <span class='ocrx_word' id='word_1_185' title='bbox 955 2529 1060 2590; x_wconf 86' lang='lat' dir='ltr'>fidenti</span> <span class='ocrx_word' id='word_1_186' title='bbox 1076 2529 1179 2591; x_wconf 90' lang='lat' dir='ltr'>animo</span> <span class='ocrx_word' id='word_1_187' title='bbox 1203 2533 1288 2608; x_wconf 86' lang='lat' dir='ltr'>atque</span> 
     </span>
    </p>

    <p class='ocr_par' dir='ltr' id='par_1_8' title="bbox 243 2611 1288 2878">
     <span class='ocr_line' id='line_1_26' title="bbox 243 2611 1288 2695; baseline -0.003 -19"><span class='ocrx_word' id='word_1_188' title='bbox 243 2611 417 2676; x_wconf 75' lang='lat' dir='ltr'>25‘infesto</span> <span class='ocrx_word' id='word_1_189' title='bbox 432 2613 592 2688; x_wconf 83' lang='lat' dir='ltr'>Romania,</span> <span class='ocrx_word' id='word_1_190' title='bbox 616 2634 674 2693; x_wconf 92' lang='lat' dir='ltr'>quo</span> <span class='ocrx_word' id='word_1_191' title='bbox 695 2615 814 2676; x_wconf 82' lang='lat' dir='ltr'>facilius</span> <span class='ocrx_word' id='word_1_192' title='bbox 837 2633 958 2675; x_wconf 87' lang='lat' dir='ltr'>cansam</span> <span class='ocrx_word' id='word_1_193' title='bbox 979 2615 1112 2676; x_wconf 91' lang='lat' dir='ltr'>bellandi</span> <span class='ocrx_word' id='word_1_194' title='bbox 1132 2616 1288 2695; x_wconf 88' lang='lat' dir='ltr'>reperiret,</span> 
     </span>
     <span class='ocr_line' id='line_1_27' title="bbox 309 2699 1287 2780; baseline -0.004 -18"><span class='ocrx_word' id='word_1_195' title='bbox 309 2699 421 2775; x_wconf 83' lang='lat' dir='ltr'>effecit,</span> <span class='ocrx_word' id='word_1_196' title='bbox 438 2707 473 2760; x_wconf 90' lang='lat' dir='ltr'>ut</span> <span class='ocrx_word' id='word_1_197' title='bbox 494 2701 660 2780; x_wconf 90' lang='lat' dir='ltr'>imperator</span> <span class='ocrx_word' id='word_1_198' title='bbox 674 2719 743 2761; x_wconf 90' lang='lat' dir='ltr'>oum</span> <span class='ocrx_word' id='word_1_199' title='bbox 758 2701 895 2761; x_wconf 89' lang='lat' dir='ltr'>exercitu</span> <span class='ocrx_word' id='word_1_200' title='bbox 911 2701 944 2760; x_wconf 91' lang='lat' dir='ltr'>in</span> <span class='ocrx_word' id='word_1_201' title='bbox 959 2699 1140 2780; x_wconf 87' lang='lat' dir='ltr'>Hispaniam</span> <span class='ocrx_word' id='word_1_202' title='bbox 1155 2702 1287 2762; x_wconf 86' lang='lat' dir='ltr'>mittere-</span> 
     </span>
     <span class='ocr_line' id='line_1_28' title="bbox 308 2786 1284 2878; baseline -0.008 -30"><span class='ocrx_word' id='word_1_203' title='bbox 308 2793 358 2848; x_wconf 90' lang='lat' dir='ltr'>tur</span> <span class='ocrx_word' id='word_1_204' title='bbox 369 2806 465 2865; x_wconf 89' lang='lat' dir='ltr'>eoque</span> <span class='ocrx_word' id='word_1_205' title='bbox 475 2805 579 2878; x_wconf 77' lang='lat' dir='ltr'>secum</span> <span class='ocrx_word' id='word_1_206' title='bbox 590 2787 678 2848; x_wconf 88' lang='lat' dir='ltr'>duxit</span> <span class='ocrx_word' id='word_1_207' title='bbox 688 2786 892 2847; x_wconf 88' lang='lat' dir='ltr'>Hannibalem</span> <span class='ocrx_word' id='word_1_208' title='bbox 903 2787 1001 2847; x_wconf 89' lang='lat' dir='ltr'>filium</span> <span class='ocrx_word' id='word_1_209' title='bbox 1012 2806 1160 2847; x_wconf 87' lang='lat' dir='ltr'>annorum</span> <span class='ocrx_word' id='word_1_210' title='bbox 1171 2804 1284 2847; x_wconf 89' lang='lat' dir='ltr'>novem.</span> 
     </span>
    </p>

    <p class='ocr_par' dir='ltr' id='par_1_9' title="bbox 270 2872 1286 3033">
     <span class='ocr_line' id='line_1_29' title="bbox 270 2872 1283 2954; baseline -0.006 -20"><span class='ocrx_word' id='word_1_211' title='bbox 270 2941 275 2954; x_wconf 39' lang='grc' dir='ltr'>Ι</span> <span class='ocrx_word' id='word_1_212' title='bbox 307 2873 384 2934; x_wconf 84' lang='lat' dir='ltr'>Erat</span> <span class='ocrx_word' id='word_1_213' title='bbox 406 2878 563 2952; x_wconf 90' lang='lat' dir='ltr'>praeterea</span> <span class='ocrx_word' id='word_1_214' title='bbox 582 2892 650 2932; x_wconf 91' lang='lat' dir='ltr'>cum</span> <span class='ocrx_word' id='word_1_215' title='bbox 672 2893 706 2932; x_wconf 91' lang='lat' dir='ltr'>eo</span> <span class='ocrx_word' id='word_1_216' title='bbox 728 2873 903 2934; x_wconf 85' lang='lat' dir='ltr'>adolescens</span> <span class='ocrx_word' id='word_1_217' title='bbox 925 2872 1054 2932; x_wconf 88' lang='lat' dir='ltr'>illustris</span> <span class='ocrx_word' id='word_1_218' title='bbox 1077 2877 1108 2931; x_wconf 88' lang='lat' dir='ltr'>et</span> <span class='ocrx_word' id='word_1_219' title='bbox 1128 2873 1283 2942; x_wconf 84' lang='lat' dir='ltr'>formosus,</span> 
     </span>
     <span class='ocr_line' id='line_1_30' title="bbox 307 2956 1286 3033; baseline -0.005 -14"><span class='ocrx_word' id='word_1_220' title='bbox 307 2959 497 3033; x_wconf 87' lang='lat' dir='ltr'>Hasdrubal,</span> <span class='ocrx_word' id='word_1_221' title='bbox 521 2959 569 3018; x_wconf 89' lang='lat' dir='ltr'>oui</span> <span class='ocrx_word' id='word_1_222' title='bbox 591 2959 629 3018; x_wconf 92' lang='lat' dir='ltr'>ob</span> <span class='ocrx_word' id='word_1_223' title='bbox 649 2959 743 3019; x_wconf 89' lang='lat' dir='ltr'>altam</span> <span class='ocrx_word' id='word_1_224' title='bbox 761 2958 894 3019; x_wconf 89' lang='lat' dir='ltr'>indolem</span> <span class='ocrx_word' id='word_1_225' title='bbox 914 2958 1007 3018; x_wconf 87' lang='lat' dir='ltr'>filiam</span> <span class='ocrx_word' id='word_1_226' title='bbox 1028 2976 1116 3017; x_wconf 89' lang='lat' dir='ltr'>suam</span> <span class='ocrx_word' id='word_1_227' title='bbox 1137 2959 1169 3017; x_wconf 93' lang='lat' dir='ltr'>in</span> <span class='ocrx_word' id='word_1_228' title='bbox 1186 2956 1286 3018; x_wconf 88' lang='lat' dir='ltr'>matri·</span> 
     </span>
    </p>

    <p class='ocr_par' dir='ltr' id='par_1_10' title="bbox 244 3039 1288 3465">
     <span class='ocr_line' id='line_1_31' title="bbox 244 3039 1287 3121; baseline -0.005 -17"><span class='ocrx_word' id='word_1_229' title='bbox 244 3039 287 3106; x_wconf 84' lang='lat'>30</span> <span class='ocrx_word' id='word_1_230' title='bbox 308 3045 443 3104; x_wconf 89' lang='lat' dir='ltr'>monium</span> <span class='ocrx_word' id='word_1_231' title='bbox 472 3043 563 3104; x_wconf 89' lang='lat' dir='ltr'>dedit.</span> <span class='ocrx_word' id='word_1_232' title='bbox 607 3042 654 3102; x_wconf 88' lang='lat' dir='ltr'>De</span> <span class='ocrx_word' id='word_1_233' title='bbox 674 3045 730 3104; x_wconf 92' lang='lat' dir='ltr'>hoo</span> <span class='ocrx_word' id='word_1_234' title='bbox 755 3045 823 3104; x_wconf 88' lang='lat' dir='ltr'>ideo</span> <span class='ocrx_word' id='word_1_235' title='bbox 845 3043 1028 3105; x_wconf 89' lang='lat' dir='ltr'>mentionem</span> <span class='ocrx_word' id='word_1_236' title='bbox 1043 3043 1186 3118; x_wconf 81' lang='lat' dir='ltr'>tacimus,</span> <span class='ocrx_word' id='word_1_237' title='bbox 1212 3039 1287 3121; x_wconf 89' lang='lat' dir='ltr'>quod</span> 
     </span>
     <span class='ocr_line' id='line_1_32' title="bbox 308 3129 1286 3209; baseline -0.004 -20"><span class='ocrx_word' id='word_1_238' title='bbox 308 3129 484 3189; x_wconf 88' lang='lat' dir='ltr'>Hamilcare</span> <span class='ocrx_word' id='word_1_239' title='bbox 508 3130 605 3189; x_wconf 83' lang='lat' dir='ltr'>occiso</span> <span class='ocrx_word' id='word_1_240' title='bbox 627 3129 680 3189; x_wconf 90' lang='lat' dir='ltr'>ille</span> <span class='ocrx_word' id='word_1_241' title='bbox 705 3129 852 3189; x_wconf 83' lang='lat' dir='ltr'>exercitui</span> <span class='ocrx_word' id='word_1_242' title='bbox 874 3129 1006 3209; x_wconf 85' lang='lat' dir='ltr'>praefuit</span> <span class='ocrx_word' id='word_1_243' title='bbox 1027 3148 1137 3207; x_wconf 88' lang='lat' dir='ltr'>resque</span> <span class='ocrx_word' id='word_1_244' title='bbox 1163 3145 1286 3208; x_wconf 87' lang='lat' dir='ltr'>maguae</span> 
     </span>
     <span class='ocr_line' id='line_1_33' title="bbox 309 3213 1286 3294; baseline -0.003 -22"><span class='ocrx_word' id='word_1_245' title='bbox 309 3213 418 3294; x_wconf 89' lang='lat' dir='ltr'>gessit,</span> <span class='ocrx_word' id='word_1_246' title='bbox 446 3214 640 3291; x_wconf 85' lang='lat' dir='ltr'>eiusdemque</span> <span class='ocrx_word' id='word_1_247' title='bbox 663 3219 889 3292; x_wconf 69' lang='lat' dir='ltr'>postmortem</span> <span class='ocrx_word' id='word_1_248' title='bbox 904 3213 1059 3274; x_wconf 88' lang='lat' dir='ltr'>Hannibal</span> <span class='ocrx_word' id='word_1_249' title='bbox 1085 3214 1123 3275; x_wconf 90' lang='lat' dir='ltr'>ab</span> <span class='ocrx_word' id='word_1_250' title='bbox 1151 3214 1286 3274; x_wconf 83' lang='lat' dir='ltr'>exercitu</span> 
     </span>
     <span class='ocr_line' id='line_1_34' title="bbox 310 3298 1287 3379; baseline -0.003 -20"><span class='ocrx_word' id='word_1_251' title='bbox 310 3298 472 3378; x_wconf 90' lang='lat' dir='ltr'>imperium</span> <span class='ocrx_word' id='word_1_252' title='bbox 488 3299 612 3377; x_wconf 89' lang='lat' dir='ltr'>accepit.</span> <span class='ocrx_word' id='word_1_253' title='bbox 650 3300 693 3358; x_wconf 88' lang='lat' dir='ltr'>At</span> <span class='ocrx_word' id='word_1_254' title='bbox 708 3299 865 3360; x_wconf 90' lang='lat' dir='ltr'>Hamilcar</span> <span class='ocrx_word' id='word_1_255' title='bbox 879 3305 1076 3379; x_wconf 88' lang='lat' dir='ltr'>posteaquam</span> <span class='ocrx_word' id='word_1_256' title='bbox 1090 3319 1176 3360; x_wconf 89' lang='lat' dir='ltr'>mare</span> <span class='ocrx_word' id='word_1_257' title='bbox 1192 3307 1287 3360; x_wconf 87' lang='lat' dir='ltr'>traus-</span> 
     </span>
     <span class='ocr_line' id='line_1_35' title="bbox 307 3383 1288 3465; baseline -0.003 -20"><span class='ocrx_word' id='word_1_258' title='bbox 307 3386 344 3445; x_wconf 92' lang='lat' dir='ltr'>iit</span> <span class='ocrx_word' id='word_1_259' title='bbox 367 3385 398 3444; x_wconf 93' lang='lat' dir='ltr'>in</span> <span class='ocrx_word' id='word_1_260' title='bbox 420 3383 662 3464; x_wconf 88' lang='lat' dir='ltr'>Hispaniamque</span> <span class='ocrx_word' id='word_1_261' title='bbox 685 3387 785 3460; x_wconf 83' lang='lat' dir='ltr'>venit,</span> <span class='ocrx_word' id='word_1_262' title='bbox 813 3405 941 3465; x_wconf 87' lang='lat' dir='ltr'>magnas</span> <span class='ocrx_word' id='word_1_263' title='bbox 962 3405 1011 3444; x_wconf 89' lang='lat' dir='ltr'>res</span> <span class='ocrx_word' id='word_1_264' title='bbox 1034 3386 1168 3445; x_wconf 88' lang='lat' dir='ltr'>secunda</span> <span class='ocrx_word' id='word_1_265' title='bbox 1193 3383 1288 3464; x_wconf 89' lang='lat' dir='ltr'>gessit</span> 
     </span>
    </p>

    <p class='ocr_par' dir='ltr' id='par_1_11' title="bbox 242 3465 1287 3817">
     <span class='ocr_line' id='line_1_36' title="bbox 242 3465 1287 3550; baseline -0.001 -20"><span class='ocrx_word' id='word_1_266' title='bbox 242 3465 286 3531; x_wconf 88' lang='lat'>35</span> <span class='ocrx_word' id='word_1_267' title='bbox 307 3472 441 3545; x_wconf 83' lang='lat' dir='ltr'>fortuna3</span> <span class='ocrx_word' id='word_1_268' title='bbox 481 3471 628 3532; x_wconf 82' lang='lat' dir='ltr'>maximas</span> <span class='ocrx_word' id='word_1_269' title='bbox 669 3469 975 3550; x_wconf 87' lang='lat' dir='ltr'>bellicosissimasque</span> <span class='ocrx_word' id='word_1_270' title='bbox 1011 3481 1119 3548; x_wconf 90' lang='lat' dir='ltr'>gentes</span> <span class='ocrx_word' id='word_1_271' title='bbox 1156 3469 1287 3548; x_wconf 87' lang='lat' dir='ltr'>subegit,</span> 
     </span>
     <span class='ocr_line' id='line_1_37' title="bbox 308 3555 1287 3636; baseline 0 -20"><span class='ocrx_word' id='word_1_272' title='bbox 308 3558 406 3636; x_wconf 88' lang='lat' dir='ltr'>equis,</span> <span class='ocrx_word' id='word_1_273' title='bbox 424 3558 529 3631; x_wconf 88' lang='lat' dir='ltr'>armis,</span> <span class='ocrx_word' id='word_1_274' title='bbox 552 3557 642 3633; x_wconf 84' lang='lat' dir='ltr'>viris,</span> <span class='ocrx_word' id='word_1_275' title='bbox 667 3559 795 3636; x_wconf 89' lang='lat' dir='ltr'>pecunia</span> <span class='ocrx_word' id='word_1_276' title='bbox 818 3561 912 3618; x_wconf 89' lang='lat' dir='ltr'>totam</span> <span class='ocrx_word' id='word_1_277' title='bbox 928 3555 1126 3636; x_wconf 86' lang='lat' dir='ltr'>locupletavit</span> <span class='ocrx_word' id='word_1_278' title='bbox 1140 3557 1287 3618; x_wconf 80' lang='lat' dir='ltr'>Africam.</span> 
     </span>
     <span class='ocr_line' id='line_1_38' title="bbox 309 3641 1287 3718; baseline -0.004 -16"><span class='ocrx_word' id='word_1_279' title='bbox 309 3641 369 3702; x_wconf 89' lang='lat' dir='ltr'>Hic</span> <span class='ocrx_word' id='word_1_280' title='bbox 383 3661 451 3714; x_wconf 82' lang='lat' dir='ltr'>oum</span> <span class='ocrx_word' id='word_1_281' title='bbox 467 3644 499 3703; x_wconf 91' lang='lat' dir='ltr'>in</span> <span class='ocrx_word' id='word_1_282' title='bbox 509 3644 631 3704; x_wconf 89' lang='lat' dir='ltr'>Italiam</span> <span class='ocrx_word' id='word_1_283' title='bbox 646 3643 760 3703; x_wconf 88' lang='lat' dir='ltr'>bellum</span> <span class='ocrx_word' id='word_1_284' title='bbox 771 3644 883 3703; x_wconf 87' lang='lat' dir='ltr'>inferre</span> <span class='ocrx_word' id='word_1_285' title='bbox 895 3642 1101 3718; x_wconf 86' lang='lat' dir='ltr'>meditaretur,</span> <span class='ocrx_word' id='word_1_286' title='bbox 1116 3661 1195 3704; x_wconf 91' lang='lat' dir='ltr'>nono</span> <span class='ocrx_word' id='word_1_287' title='bbox 1210 3658 1287 3703; x_wconf 89' lang='lat' dir='ltr'>auno</span> 
     </span>
     <span class='ocr_line' id='line_1_39' title="bbox 308 3725 1286 3817; baseline -0.003 -29"><span class='ocrx_word' id='word_1_288' title='bbox 308 3729 467 3817; x_wconf 89' lang='lat' dir='ltr'>postquam</span> <span class='ocrx_word' id='word_1_289' title='bbox 488 3729 520 3788; x_wconf 91' lang='lat' dir='ltr'>in</span> <span class='ocrx_word' id='word_1_290' title='bbox 535 3727 716 3810; x_wconf 88' lang='lat' dir='ltr'>Hispaniam</span> <span class='ocrx_word' id='word_1_291' title='bbox 738 3731 865 3794; x_wconf 83' lang='lat' dir='ltr'>venerat</span> <span class='ocrx_word' id='word_1_292' title='bbox 885 3729 916 3789; x_wconf 92' lang='lat' dir='ltr'>in</span> <span class='ocrx_word' id='word_1_293' title='bbox 937 3728 1051 3808; x_wconf 87' lang='lat' dir='ltr'>proelio</span> <span class='ocrx_word' id='word_1_294' title='bbox 1074 3747 1215 3808; x_wconf 88' lang='lat' dir='ltr'>pugnans</span> <span class='ocrx_word' id='word_1_295' title='bbox 1236 3725 1286 3788; x_wconf 89' lang='lat' dir='ltr'>ad·</span> 
     </span>
    </p>
   </div>
   <div class='ocr_carea' id='block_1_3' title="bbox 1294 3859 1307 3954">
    <p class='ocr_par' dir='ltr' id='par_1_12' title="bbox 1294 3859 1307 3954">
     <span class='ocr_line' id='line_1_40' title="bbox 1294 3859 1307 3954; baseline 0 -27"><span class='ocrx_word' id='word_1_296' title='bbox 1294 3859 1307 3954; x_wconf 74' lang='lat' dir='ltr'>r</span> 
     </span>
    </p>
   </div>
   <div class='ocr_carea' id='block_1_4' title="bbox 0 0 1364 4482">
    <p class='ocr_par' dir='ltr' id='par_1_13' title="bbox 0 0 1364 4482">
     <span class='ocr_line' id='line_1_41' title="bbox 0 0 1364 4482; baseline 0 2"><span class='ocrx_word' id='word_1_297' title='bbox 0 0 1364 4482; x_wconf 95' lang='lat' dir='ltr'> </span> 
     </span>
    </p>
   </div>
  </div>
 </body>
</html>
