2720 4482
280 343 324 410 66
566 435 572 456 κ
609 344 668 407 XL
691 343 934 408 ramentas

278 522 365 581 tanto
385 537 419 580 se
438 515 582 580 otiermnt
602 516 746 598 periculo.
790 515 868 588 Qua*
879 516 1034 599 paucitate
1055 535 1204 600 percussa
1218 521 1276 580 est

279 603 590 667 Lacedaemoniorum
603 602 748 684 potentia.
773 601 816 664 Hi
831 603 912 664 enim
926 621 987 665 non
1001 604 1101 684 magis
1116 605 1274 666 adversa-

279 689 400 754 riorum·
410 690 535 752 factioni
554 707 646 768 quam
661 686 824 769 Spartiatis
843 708 879 752 eo
900 691 1038 770 tempore
1051 689 1168 752 bellum
1182 689 1274 750 intu-

279 775 392 852 lerunt,
404 775 456 857 qui
467 774 816 856 principeseranttotins
828 771 990 849 Graeciam
1002 793 1129 856 qnorum
1141 775 1274 856 imperii

237 855 259 922 5
279 863 423 924 maiestas
445 879 545 940 neque
563 861 608 922 ita
626 861 724 922 multo
745 863 815 942 post
836 859 996 922 Leuctrica
1018 879 1124 942 pugna
1144 861 1273 924 abhoc

279 947 368 1010 initio
387 945 529 1029 perculsa
550 946 688 1007 concidit.
724 946 787 1006 -Illi
811 945 909 1026 igitur
933 946 1105 1023 duodecim,
1133 961 1272 1027 quorum

281 1035 347 1094 dux
368 1035 435 1094 erat
454 1030 633 1113 Pelopidas,
655 1031 784 1093 Athenis
804 1031 952 1109 interdiu,
975 1036 1009 1094 ut
1028 1035 1274 1114 vesperascente

282 1119 366 1182 coelo
390 1118 510 1180 Thebas
532 1119 657 1198 possent
677 1117 854 1198 pervenire,
875 1136 945 1179 cum
965 1119 1090 1180 canibus
1111 1119 1275 1180 venaticis

280 1205 361 1266 retia
374 1205 507 1266 ferentes
520 1203 636 1265 vestitu
649 1204 766 1283 agresti
780 1203 935 1279 exierunt,
958 1222 1018 1284 quo
1032 1203 1149 1266 minore
1164 1205 1270 1286 suspi-

217 1283 260 1349 10
281 1291 368 1354 eione
388 1291 523 1354 iacerent
544 1289 617 1366 iter,
640 1292 731 1370 atque
753 1293 890 1370 tempore
909 1288 976 1370 ipso
998 1309 1056 1370 quo
1079 1291 1273 1353 studuerunt

281 1377 472 1442 advenerunt
492 1379 525 1436 et
545 1375 668 1437 domum
690 1374 837 1437 Charonis
864 1374 1076 1452 deverterunt,
1102 1394 1121 1437 a
1146 1395 1206 1456 quo
1232 1380 1273 1440 et

280 1468 401 1544 tempus
415 1465 448 1522 et
462 1461 527 1522 dies
542 1465 608 1522 erat
621 1461 721 1522 datus.
765 1461 864 1521 Erant
877 1464 979 1522 antam
993 1462 1115 1524 omnino
1130 1480 1198 1522 cum
1214 1461 1271 1539 iis,

281 1549 333 1628 qui
346 1549 379 1608 in
392 1547 468 1608 urbe
483 1565 517 1608 se
530 1546 741 1622 adiunxerant,
757 1546 1067 1626 duodequadraginta.

211 1628 259 1690 IV
366 1633 435 1694 Iam
448 1632 602 1714 epulaturi
613 1634 701 1694 erant
711 1631 917 1695 Boeotarchae
932 1635 1054 1712 praeter
1064 1631 1268 1696 Leontiadam

217 1711 260 1777 15
281 1723 313 1780 et
327 1717 474 1800 Hypaton
496 1719 527 1778 in
549 1718 639 1780 domo
652 1717 831 1799 Phyllidas,
851 1718 904 1798 qui
918 1718 1052 1780 Archiae
1070 1719 1109 1780 ab
1125 1719 1269 1799 epistolis

281 1809 348 1866 erat
367 1809 399 1866 et
420 1823 489 1865 cum
510 1803 675 1866 coniuratis
696 1807 920 1885 composuerat,
942 1807 977 1865 ut
990 1804 1106 1866 vestitu
1120 1805 1270 1867 muliebri

282 1899 403 1971 sumpto
423 1893 578 1971 tamquam
599 1889 742 1951 tibicinae
765 1895 796 1952 et
809 1889 981 1952 saltatrices
996 1889 1035 1950 ed
1050 1889 1197 1952 convivas
1211 1891 1269 1952 ob-

280 1976 437 2040 lectandos
456 1977 553 2037 multo
574 1993 704 2056 vespere
732 1975 883 2036 adessent.
940 1973 1046 2037 Subito
1071 1975 1195 2038 nuntius
1222 1977 1266 2036 ad

280 2081 371 2125 aures
383 2062 621 2140 magistratuum
635 2062 785 2142 pervenit,
801 2061 924 2123 exsules
939 2061 970 2122 in
984 2062 1062 2123 urbe
1075 2081 1149 2124 esse.
1191 2059 1264 2122 Sta·

215 2137 259 2204 20
281 2151 338 2211 tim
361 2147 491 2210 Archias
515 2148 691 2228 apparitore
715 2149 808 2209 misso
835 2143 1005 2208 Charonem
1032 2147 1072 2208 ad
1097 2166 1128 2208 se
1151 2145 1262 2208 venire

279 2235 375 2308 iubet;
390 2234 418 2294 is
432 2233 520 2294 initio
535 2231 658 2312 quidem
672 2235 708 2293 ut
721 2234 815 2294 ceteri
830 2233 978 2294 coniurati
996 2233 1178 2314 perterritus
1189 2249 1265 2293 cum

280 2320 408 2381 sentiret
417 2317 563 2379 Archiam
577 2319 653 2378 nihil
667 2319 744 2379 certi
759 2320 796 2380 ds
809 2337 846 2380 ea
855 2338 890 2378 re
910 2319 1097 2398 cognovisse,
1112 2317 1271 2399 promittit

280 2425 314 2466 se
323 2423 447 2483 operam
457 2403 610 2480 daturum,
621 2403 727 2464 utrem
736 2403 907 2466 accuratius
915 2404 1114 2485 perquireret,
1127 2406 1266 2465 ceterum

258 2567 263 2572 Ι
279 2509 323 2551 ns·
332 2489 421 2550 vanis
434 2489 608 2550 rumoribus
622 2489 714 2550 fidem
728 2490 861 2552 haberet
906 2487 1001 2550 Brevi
1015 2493 1086 2571 post
1104 2489 1203 2550 allata
1217 2493 1268 2552 est

214 2565 259 2630 ab
280 2574 409 2656 epistola
429 2573 559 2636 Athenis
587 2575 625 2637 ab
651 2575 768 2638 Archia
792 2575 923 2658 quodam
948 2576 1105 2638 sacerdote
1130 2575 1269 2638 Archiae

280 2659 452 2740 cognomini
464 2660 555 2741 eiqui
565 2661 735 2745 maximum
745 2663 962 2742 magistratum
973 2661 1085 2724 Thebis
1097 2661 1263 2737 obtinebat,

279 2747 311 2808 in
337 2747 524 2828 quaomnia
549 2747 588 2808 de
614 2748 803 2828 protectione
829 2747 1054 2810 coniuratorum
1080 2752 1169 2808 erant
1195 2767 1265 2828 per-

280 2833 403 2912 scripta
447 2832 536 2903 Quae
550 2851 619 2895 cum
633 2834 695 2895 iam
709 2834 868 2896 accubanti
883 2834 914 2893 in
930 2833 1070 2895 convivio
1083 2837 1166 2894 esset
1181 2833 1264 2909 data,

280 2919 360 2980 sicut
380 2921 447 2980 erat
467 2920 589 3000 signata
612 2920 668 2980 sub
694 2920 855 3001 pulvinum
881 2918 1037 2980 subiciens¹
1055 2919 1098 2978 In
1125 2919 1267 2981 crasti-

215 2993 261 3059 3ll
278 3023 378 3080 num,
401 3005 513 3083 inquit,
540 3004 682 3067 dissero
708 3025 770 3066 res
790 3006 922 3068 serias.
966 3004 1086 3065 Deinde
1108 3021 1179 3065 cum
1200 3005 1265 3066 iam

279 3094 400 3170 tempus
411 3089 569 3152 videretur
581 3090 627 3150 rei
648 3092 811 3171 gerendae,
827 3091 975 3152 coniurati
986 3089 1131 3171 bipartito
1144 3090 1265 3154 edoma

281 3171 428 3236 Charonis
448 3177 566 3254 egressi
587 3181 672 3252 snut,
698 3177 787 3239 alteri
812 3177 852 3237 ad
876 3175 1002 3256 *domum
1022 3175 1203 3256 Phyllidas,
1231 3175 1265 3237 in

198 3263 201 3268 '
279 3279 371 3342 quam
395 3260 562 3323 intromissi
587 3263 671 3324 nullo
691 3263 814 3344 negotio
834 3265 982 3343 tyrannos
1010 3261 1203 3343 inopinantes
1232 3265 1266 3323 et

278 3347 410 3408 inermes
424 3347 669 3425 trucidaverunt,
690 3347 854 3430 Pelopidas
874 3352 976 3410 autern
997 3366 1066 3409 cum
1081 3346 1269 3410 Damoclida·

148 3461 149 3466 ¹
214 3419 262 3486 35·
280 3433 319 3494 ad
340 3431 539 3496 Leontiadam
565 3436 597 3495 et
617 3433 763 3516 Hypaten
788 3433 1027 3510 interficiendam
1054 3431 1182 3515 quorum
1207 3433 1266 3494 ille

195 3567 199 3574 .
279 3521 353 3600 post¹
367 3517 538 3582 vehemens·
551 3521 705 3582 certamen
725 3520 842 3582 occisus
858 3523 919 3596 est,
941 3520 991 3581 hic
1011 3517 1119 3601 effugit
1138 3519 1264 3598 quidem

170 3637 172 3640 ·
279 3623 297 3666 e
311 3604 400 3665 domo
416 3623 472 3666 sua
485 3606 526 3666 ad
540 3606 666 3680 vicinos,
682 3606 738 3666 sed
752 3607 844 3687 paulo
858 3609 928 3686 post
941 3609 1093 3668 retractus
1107 3605 1173 3686 ipse
1188 3623 1265 3686 qno·

279 3708 338 3770 que
362 3706 525 3769 percussus
551 3694 607 3752 est.
652 3689 773 3760 Quibus
798 3693 890 3756 rebus
919 3691 1065 3754 contectis
1094 3691 1190 3771 vulgo
1221 3690 1264 3752 ad
