2748 4486
479 321 516 382 ιι.
539 320 683 384 omou.
790 287 792 292 ’
1027 321 1069 386 31

460 611 701 733 u'cmou.

7 841 8 844 ’
84 818 203 912 Ouios,
218 831 372 898 Miltiadis
392 836 424 896 et
438 831 650 914 Hegesypilae
670 833 762 910 filius,
784 833 983 900 Atheniensis
995 833 1072 898 satis
1091 841 1111 900 1

85 923 163 982 duro
179 919 268 982 initio
289 939 363 979 usus
384 922 432 980 est
450 918 680 980 adolescentiae.
724 919 889 984 Nemeum
904 924 992 1001 peter
1005 918 1072 982 sius

84 1009 175 1074 litem
189 1005 385 1073 aestimatam
400 1005 512 1085 populo
528 1004 648 1065 solvere
662 1024 723 1068 non
736 1006 895 1086 potuisset,
918 1008 988 1086 post
1006 1005 1073 1066 eius

85 1094 220 1158 moriem
235 1090 363 1154 civitate
376 1090 519 1172 adempta
532 1090 696 1154 honoribus
711 1091 841 1172 publicis
854 1093 1000 1156 exalusus
1015 1093 1071 1165 est,

88 1179 185 1244 donee
207 1176 386 1257 pecuniam,
411 1177 579 1255 quaproter
601 1179 667 1238 eret
683 1177 841 1253 multatas,
867 1176 1069 1257 pependisset.
1093 1182 1118 1245 5

88 1263 166 1328 Sunt
181 1264 285 1336 etiam,
302 1261 355 1340 qui
368 1265 493 1324 narrent
507 1281 586 1337 eum,
601 1281 670 1324 cum
685 1266 738 1342 pst
740 1282 773 1324 er
786 1263 818 1324 in
829 1263 960 1324 vinculis
974 1261 1072 1340 puhli-

88 1350 132 1414 cis
148 1347 343 1423 decessisset,
322 1347 466 1412 teadem
481 1346 618 1412 custodia
632 1348 936 1412 asserratumfuisse
971 1346 1072 1410 Hebe-

88 1436 141 1500 bat
152 1438 257 1500 autem
268 1451 403 1496 sororem
415 1451 601 1512 germanam,
612 1431 773 1536 Elpinicen
780 1453 910 1510 nomine
925 1431 1073 1498 iumatri-

88 1520 200 1594 moru'o,
216 1522 343 1600 propter
358 1537 448 1597 quam
462 1537 537 1594 rem,
554 1505 736 1598 quamquam
747 1519 981 1584 Atheniensium
995 1518 1071 1597 legi-

87 1607 147 1666 bus
161 1606 294 1671 uetitum
309 1623 370 1666 nou
385 1606 464 1679 erat,
487 1603 594 1666 eodem
614 1609 700 1684 patre
720 1609 809 1668 natas
823 1625 936 1666 uxores
951 1605 1070 1679 ducere,
1096 1609 1139 1673 10

88 1695 194 1756 tamen
215 1689 296 1760 male
317 1687 473 1752 audivisse
494 1689 579 1750 videt
567 1691 624 1750 tur.
669 1689 769 1752 Huius
791 1691 926 1771 coniugii
946 1690 1072 1770 cupidus

92 1773 211 1840 Gallias
226 1775 346 1856 quidam
361 1794 422 1836 non
437 1777 501 1836 tam
516 1795 692 1854 generosus,
709 1797 799 1856 quem
813 1777 1004 1858 pecuniosus,
1020 1774 1073 1854 qui

11 1859 12 1865 ’
92 1879 225 1939 magnas
245 1859 386 1940 pecunias
407 1880 449 1922 ex
467 1861 602 1924 metallis
621 1861 750 1938 fecerat,
772 1863 838 1940 egit
852 1881 921 1923 cum
937 1858 1071 1934 Cimone,

11 2004 14 2013 ,
95 1951 131 2008 ut
146 1965 215 2014 eam
226 1946 285 2010 sibi
298 1965 427 2010 uxorem
443 1946 544 2020 daret;
566 1946 598 2006 id
612 1946 639 2006 si
654 1947 862 2027 impetrasset,
885 1965 917 2006 se
940 1966 995 2026 pro
1018 1944 1072 2004 illo

92 2031 253 2111 pecuniam
275 2032 453 2094 soluturum.
497 2033 531 2092 Is
552 2051 620 2092 cum
642 2032 736 2094 talem
757 2031 964 2092 condicionem
986 2029 1072 2091 initio
1096 2032 1139 2096 15

90 2120 315 2198 aspersa-setim,
328 2116 469 2196 precibus
480 2115 645 2197 Elpinioes,
660 2117 734 2178 utid
746 2117 934 2192 concederet,
945 2115 1072 2196 perduc

89 2207 139 2268 tus
153 2205 213 2280 est,
229 2221 287 2282 quo
302 2202 383 2264 sacto
399 2200 512 2266 Callias
527 2201 687 2283 pecuniam
702 2202 801 2265 solvit.

8 2317 10 2349 ι
178 2288 248 2356 Tali
263 2287 352 2352 modo
367 2288 399 2352 in
414 2287 572 2350 civitatem
586 2288 745 2350 restitutus
759 2288 900 2352 celeriter
913 2287 952 2352 ad
962 2285 1073 2368 princi·
1088 2291 1134 2352 -Π

8 2400 14 2422 ι·
90 2377 198 2455 patum
213 2373 362 2454 pervenit.
406 2373 550 2439 Habebat
564 2373 645 2437 enim
660 2374 733 2436 setis
749 2374 948 2454 eloquentiae,
971 2392 1074 2454 quem-

8 2525 9 2528 ,
91 2479 183 2540 quam
206 2478 243 2522 ea
270 2457 415 2522 facultate
439 2479 500 2522 nou
524 2459 687 2520 admodum
713 2460 897 2536 excellebat,
923 2479 1075 2522 summam
1096 2459 1140 2525 20

8 2544 11 2596 ἶ
89 2544 319 2620 liberalitatem,
335 2563 480 2624 magnam
495 2545 688 2626 prudentiam
704 2564 772 2606 cum
786 2546 862 2612 iuris
878 2545 987 2621 civilis,
1009 2549 1075 2606 tum
1209 2615 1211 2622 ,

90 2631 136 2691 rei
149 2629 306 2705 militaris,
322 2631 402 2709 quod
418 2651 487 2692 cum
502 2635 555 2711 pat
555 2649 589 2691 re
604 2649 726 2712 spuere
735 2632 767 2692 in
779 2632 965 2696 exercitibus
976 2632 1076 2692 iuerat

91 2719 244 2780 versatus.
290 2715 400 2796 Itaque
414 2716 510 2778 hicet
524 2715 606 2778 domi
621 2717 795 2797 populum
786 2736 818 2778 ιιι
839 2735 895 2780 sua
909 2717 1007 2778 tenuit
1022 2733 1074 2796 po·

92 2804 206 2870 testate
220 2820 238 2862 e
238 2799 393 2868 tmilitiae
408 2802 489 2882 apud
503 2802 619 2864 exercit
620 2821 671 2864 um
686 2802 851 2884 plurimum
864 2801 963 2862 valuit
973 2805 1074 2863 aueto-

7 2915 8 2920 1
93 2889 195 2956 ritate.
242 2883 344 2966 Atque
370 2905 439 2948 oum
463 2889 525 2950 iam
546 2888 583 2949 ab
605 2886 728 2952 ineunte
756 2888 857 2949 seinte
883 2885 1074 2982 optimatium
1095 2883 1141 2949 25

93 2973 227 3054 pertesi
227 2975 314 3038 uerat
315 2992 361 3047 ur,
377 2973 439 3036 ieet
439 2992 491 3034 um
506 2975 598 3049 estu
577 2975 664 3037 utad
679 2973 819 3036 intimam
833 2969 979 3034 Aristidis
999 2969 1074 3034 emh

8 3061 14 3147 Ἰ
93 3059 199 3126 citiam
226 3078 260 3120 se
287 3058 475 3137 adiungeret.
522 3056 598 3120 Oum
623 3059 681 3121 hoc
704 3077 765 3122 una
791 3057 882 3120 classi
903 3055 1075 3139 preelectus

10 3154 14 3172 '
93 3150 148 3220 est,
165 3163 245 3224 quae
259 3143 412 3217 Pausania
431 3145 613 3224 imperatore
633 3147 738 3208 contra
753 3141 890 3226 Cyprum
911 3146 944 3206 et
956 3142 1075 3224 Byzan·

95 3230 171 3298 tium
185 3229 365 3302 mittebatur
370 3254 378 3304 ;
393 3227 531 3306 Eionem,
547 3231 655 3293 urbem
666 3229 823 3306 Thraciae,
839 3229 1006 3292 fortissime
1020 3247 1075 3310 per

8 3389 9 3392 Ἴ
94 3315 202 3396 Bogen
216 3315 345 3379 Persam
359 3315 516 3382 defensam
530 3316 612 3396 cepit
626 3317 658 3378 et
672 3315 703 3378 iu
718 3335 755 3378 ea
768 3317 894 3396 regione
908 3313 1076 3376 Thracibus
1098 3311 1146 3375 30
1256 3353 1257 3358 κ

7 3411 9 3432 ·
95 3401 134 3466 ed
148 3401 347 3482 Strymonem
371 3401 484 3469 ιιιιιιιθιι
509 3401 639 3466 devictis
659 3401 822 3482 imperium
843 3398 1077 3464 Atheniensium

96 3487 263 3554 emunit.
289 3487 377 3551 Idem
391 3487 503 3552 Persas
518 3507 535 3552 e
551 3487 660 3551 ceteris
676 3487 823 3550 Thraciae
837 3485 963 3548 urbibus
986 3484 1078 3546 eiecit

96 3578 218 3654 praeter
233 3573 409 3650 Doriscum,
433 3593 511 3653 quae
531 3575 605 3636 urbs
629 3573 695 3636 sole
715 3572 849 3638 omnium
870 3571 965 3634 etiem
977 3569 1031 3632 diu
1044 3571 1076 3632 in
1096 3570 1102 3579 '

97 3664 249 3740 potestate
268 3659 431 3722 Persarum
454 3660 574 3724 mansit.
620 3657 763 3740 Scyrum,
785 3677 876 3740 quam
889 3677 926 3720 se
941 3661 1078 3738 tempore
