2748 4486
430 373 456 434 Ι.
479 371 718 436 MILTIADES.
1042 370 1063 435 9

75 549 203 621 rentur,
236 543 329 625 primi
360 545 497 606 homines
521 544 643 608 Medica
666 547 754 608 ueste
779 543 901 607 indutos
926 544 1063 626 aspicere

76 631 245 706 auderent,
278 649 348 691 cum
380 635 471 692 antea
494 631 595 712 ipsum
620 650 730 693 nomen
754 629 910 692 Medicum
936 627 1063 692 Graecia

76 716 193 778 terrori
207 716 325 777 fuisset.
371 713 447 779 Cum
462 715 515 777 diu
529 720 698 796 pugnatum
712 720 802 792 esset,
825 716 946 778 barbari
960 717 1063 778 media

77 802 146 864 acie
160 802 319 877 vicerunt,
341 801 373 862 iu
395 821 455 884 qua
468 802 583 865 Persae
597 802 656 882 ipsi
670 804 702 864 et
716 800 811 864 Sacae
824 801 927 864 densis
940 802 1063 864 orbibus

77 886 242 950 constituti
256 890 358 963 eraut,
381 893 413 948 et
428 884 561 950 Graecos
581 887 735 967 fugientes
756 887 789 948 in
803 888 872 950 loca
885 887 1062 949 mediterra-
1083 885 1105 950 5

76 994 138 1037 nea
159 971 316 1054 parsecuti
342 977 422 1034 sunt
473 973 517 1035 At
535 974 568 1034 in
593 977 723 1054 utroque
743 993 837 1036 cornu
857 972 1062 1035 Athenienses

76 1059 340 1139 Plataeensesque
350 1063 420 1139 post
430 1077 500 1120 acre
511 1064 663 1121 certamen
674 1059 846 1142 superiores
856 1059 1063 1122 discesserunt

77 1145 265 1225 omissisque
279 1143 423 1220 barbaris,
445 1145 497 1225 qui
515 1147 605 1224 terga
618 1147 788 1222 uerterant,
809 1145 972 1208 contractis
992 1164 1061 1208 oon-

76 1231 253 1310 iunctisque
267 1229 426 1292 ordinibus
441 1248 511 1292 cum
524 1231 571 1304 iis,
588 1231 640 1312 qui
654 1231 788 1292 mediam
799 1231 896 1293 eciem
907 1232 1062 1313 perfrege-

76 1323 166 1392 rant,
188 1315 422 1378 dimicaverunt.
466 1315 533 1396 Neo
547 1316 600 1378 diu
613 1335 724 1398 auceps
739 1335 844 1396 pugna
857 1316 929 1392 suit3
949 1316 1060 1378 Persea
1085 1309 1125 1380 10

76 1401 235 1482 fugientes
250 1402 403 1482 persecuti
418 1405 489 1464 sunt
499 1411 531 1463 et
541 1403 726 1479 occiderunt,
742 1404 837 1465 donec
848 1402 888 1464 ad
898 1420 983 1464 mare
993 1423 1061 1484 per-

76 1487 240 1548 venientes
256 1486 352 1568 petito
366 1487 439 1568 igne
453 1507 547 1549 naves
561 1489 702 1569 aggressi
717 1490 796 1549 sunt.
835 1487 903 1558 Quo
917 1487 950 1549 in
965 1493 1060 1550 certa·

76 1575 164 1636 mine
179 1569 385 1636 Callimachus
399 1573 564 1639 fortissime
579 1593 719 1656 pugnans
734 1574 911 1636 interiectus
926 1576 982 1649 est,
1004 1592 1061 1634 neo

75 1679 139 1722 non
154 1657 210 1720 alii
223 1658 323 1734 multi,
337 1658 417 1720 inter
431 1679 506 1739 qnos
522 1653 728 1742 Cynaegirus,
751 1658 954 1740 Euphorionis
969 1659 1059 1734 lilius,

78 1747 156 1806 dum
167 1763 316 1806 summam
327 1744 454 1825 puppim
465 1747 673 1825 apprehendit,
689 1763 781 1808 manu
794 1746 918 1827 bipenni
928 1745 1061 1806 abscissa
1083 1740 1125 1804 15

79 1829 204 1892 occidit.
247 1827 293 1890 Ao
314 1832 430 1910 septem
451 1831 573 1910 quidem
593 1849 688 1893 neves
702 1850 738 1894 eo
753 1832 843 1893 modo
857 1830 1060 1892 Athenienses

83 1915 288 1989 obtinuerunt,
304 1919 421 1976 ceteros
436 1915 559 1978 barbari
574 1916 731 1979 sciuerunt
744 1919 926 1997 receptaque
946 1917 1061 1996 praeda

84 1999 256 2060 Eretriensi
271 2019 309 2060 ex
321 1999 430 2076 insula,
457 2002 509 2063 ubi
525 2001 724 2082 reliquerant,
746 1999 874 2062 Sunium
887 2005 1060 2083 promonto-

82 2086 166 2148 rium
189 2085 381 2149 circumvacti
402 2091 474 2148 sunt
493 2105 529 2148 eo
551 2088 676 2149 oonsilio
682 2133 691 2163 ,
712 2091 748 2148 ut
761 2087 846 2167 prius
860 2104 951 2165 quam
965 2086 1059 2147 Athe·

78 2172 206 2232 nienscs
220 2172 260 2234 ad
274 2173 380 2234 urbem
395 2173 544 2234 venirent.
589 2171 632 2233 At
644 2171 800 2234 Miltiades
815 2171 976 2252 evestigio
992 2189 1060 2232 oum
1082 2167 1125 2234 20

79 2257 222 2320 exercitu
243 2277 332 2339 opem
353 2259 423 2319 urbi
441 2259 522 2322 ferre
542 2257 717 2340 properavit
737 2257 940 2337 barbarosque
954 2257 1061 2319 eodem

79 2344 244 2406 tendentes
258 2343 424 2406 antevertit
438 2348 470 2406 et
483 2344 565 2426 apud
578 2345 683 2408 fanum
697 2343 856 2418 Herculis,
873 2343 953 2423 quod
968 2346 1016 2405 est
1029 2343 1061 2403 in

81 2427 271 2510 Cynosarge,
289 2433 390 2491 castra
403 2430 485 2492 fecit.
529 2429 741 2492 Barbaricum
763 2431 969 2492 exadversum
982 2429 1061 2492 Pha·

79 2516 190 2592 leram,
206 2517 288 2596 quod
302 2519 376 2577 tunc
385 2516 495 2576 navale
505 2514 737 2578 Atheniensium
750 2519 823 2590 orat,
840 2515 1060 2596 pervenissent,

80 2620 174 2682 super
196 2621 267 2662 cum
286 2601 387 2664 locum
409 2602 595 2682 aliquamdiu
620 2622 714 2665 nares
735 2603 768 2664 in
789 2602 854 2664 salo
880 2601 912 2661 in
940 2601 1060 2662 ancoris
1081 2593 1124 2659 25

80 2689 254 2761 tenueramt,
270 2690 335 2748 tum
349 2687 382 2748 in
396 2687 503 2750 Asiam
517 2708 551 2750 re
565 2688 678 2750 infecta
690 2688 854 2749 redierunt.
898 2685 925 2746 ll
941 2690 1064 2748 cantum

80 2773 208 2834 milibus
222 2773 359 2852 peditum
374 2776 405 2834 et
418 2774 525 2834 decern
538 2773 683 2855 equitum,
699 2792 775 2853 quos
787 2772 907 2834 barbari
922 2771 1062 2832 insciam

81 2858 267 2939 produxisse
282 2859 432 2934 dicuntur,
448 2859 570 2920 circiter
584 2879 641 2922 sex
662 2859 747 2920 milia
768 2857 896 2920 uocanti
915 2857 1062 2918 occubue-

81 2948 161 3020 runt,
178 2940 366 3006 Graecorum
380 2948 500 3006 centum
515 2945 680 3024 nonaginta
694 2946 763 3006 duo.

82 3029 153 3100 Qua
166 3029 297 3091 uictoria
311 3030 397 3091 nulla
409 3049 542 3109 unquam
555 3030 670 3093 maiore
680 3029 794 3110 gaudio
805 3026 972 3089 Athenien·
993 3025 1076 3087 VIH
1084 3022 1127 3088 30

83 3136 132 3176 ees
154 3115 304 3196 perfudit;
325 3116 418 3177 ceteri
437 3116 511 3176 dum
530 3117 633 3178 hostes
654 3117 807 3196 fugientes
828 3115 1062 3194 persequuntur,

82 3221 163 3264 unus
178 3221 196 3260 e
212 3201 331 3262 civibus
345 3201 470 3262 incitato
486 3220 577 3264 cursu
588 3200 725 3264 Athenas
740 3198 896 3265 contendit
910 3203 942 3260 et
956 3197 1065 3278 spiritu

82 3306 180 3369 paene
194 3285 353 3348 deficiente
367 3306 423 3368 per
436 3287 505 3348 vias
519 3292 550 3349 et
570 3289 603 3348 in
624 3289 689 3350 foro
711 3289 847 3350 olamans
868 3283 1077 3358 Gaudete,

84 3372 207 3448 ciues,
223 3371 394 3434 vicimus
408 3374 511 3435 statim
523 3373 714 3436 exanimus
725 3377 780 3435 est.
810 3372 918 3452 Neque
932 3369 1065 3432 alienum

83 3457 216 3534 videtur,
239 3459 330 3537 quale
353 3459 521 3540 praemium
542 3457 676 3520 Miltiadi
698 3459 847 3520 tributum
868 3457 922 3530 sit,
946 3455 1063 3529 dooere,
1087 3453 1129 3518 35

84 3562 142 3624 quo
164 3543 288 3606 facilius
308 3545 441 3624 intelligi
461 3545 575 3625 possit,
603 3545 730 3608 eandem
752 3544 887 3606 omnium
906 3540 1066 3602 ciuitatum

84 3649 152 3691 esse
166 3633 316 3692 naturam.
333 3665 335 3668 ·
356 3630 398 3694 Ut
412 3630 493 3692 enim
508 3631 613 3712 populi
623 3629 755 3694 Romani
768 3630 898 3692 honores
913 3625 1066 3707 quondam

84 3717 209 3778 luerunt
221 3715 285 3778 rari
299 3719 331 3780 et
343 3719 451 3778 tenues
465 3717 504 3778 ob
519 3737 646 3797 eamque
660 3736 783 3780 oausam
797 3712 937 3796 gloriosi,
960 3715 1067 3794 postea
