2748 4486
418 351 444 412 I.
468 347 707 412 MILTIADES.
1032 347 1051 410 'l

69 529 133 602 ret,
158 523 199 586 'ut
220 543 292 585 eum
312 521 399 586 bonis
421 520 525 582 multis
552 519 702 596 afficerem
730 520 857 584 donarit
878 521 960 584 enim
982 542 1053 584 eum

66 613 176 685 domo,
200 609 324 690 opibus,
346 625 443 668 uxore
462 625 581 688 quoque
602 605 743 683 Perside,
766 626 864 688 equa
883 607 948 670 nati
962 607 1054 670 liberi

69 700 153 760 inter
166 695 280 758 Persas
295 693 502 756 censebantur.
542 691 713 754 Miltiadem
728 713 810 770 vero,
826 693 878 756 ubi
892 691 1052 756 incolumis

69 783 211 844 Athenas
226 779 375 862 pervenit,
391 778 506 840 inimici
520 778 623 840 statim
644 779 677 840 in
695 779 840 842 iudicium
859 780 1053 840 deduxerunt

66 871 238 950 occupatae
258 867 291 927 in
307 861 493 928 Chersoneso
513 864 685 946 tyrannidis
704 869 896 943 accusantem
917 865 1052 926 iudicum
1072 858 1094 922 5

70 961 178 1016 tamen
194 951 354 1015 sententiis
374 949 530 1018 absolutus
544 954 600 1011 est
625 949 695 1034 ‚Ita
716 951 926 1031 captivitatem
940 951 1052 1012 iterum

70 1040 198 1119 effugit;
218 1057 290 1100 nam
305 1035 394 1098 tertio
410 1055 488 1098 anno
505 1039 575 1098 ante
591 1054 660 1098 cum
674 1033 807 1116 Scythae
822 1055 841 1098 a
854 1058 928 1120 rege
941 1035 1051 1098 Persa-

69 1147 141 1188 rum
155 1123 270 1186 irritati
284 1123 487 1185 incursionem
501 1122 533 1183 iu
549 1119 770 1184 Chersonesum
784 1123 927 1198 lacerent,
943 1142 1052 1202 aggre

68 1213 193 1274 dientes
213 1230 275 1271 non
298 1228 390 1270 ausus
412 1208 562 1270 sustinere
583 1207 654 1268 inde
675 1228 708 1269 se
728 1208 889 1288 preripuit,
912 1209 986 1276 dum
1005 1207 1053 1269 illi

67 1296 297 1370 discessissent,
314 1315 372 1374 quo
386 1294 466 1356 facto
481 1293 609 1358 Dolonci
623 1313 693 1354 eum
707 1294 902 1356 reduxerunt
1022 1292 1051 1352 V
1075 1288 1121 1352 10

160 1383 285 1442 Interea
304 1400 378 1442 vero
398 1380 488 1442 amici
502 1377 630 1442 Darium
649 1399 709 1440 non
730 1379 912 1441 destiterunt
927 1379 1049 1453 hortari,

72 1471 110 1528 ut
126 1463 288 1528 Graeciam
311 1466 344 1526 in
365 1485 451 1526 suam
471 1469 651 1545 potestatem
669 1465 838 1546 redigeret3
858 1466 961 1546 itaque
983 1484 1052 1526 cum

71 1553 158 1634 prior
177 1551 331 1632 expeditio
344 1551 502 1614 Mandonio
522 1551 600 1612 duce
620 1552 750 1612 navibus
765 1552 804 1614 ad
818 1550 971 1614 Athonem
985 1569 1053 1632 pro-

72 1638 257 1700 montorium
269 1637 374 1698 fraotis
385 1637 424 1698 ad
435 1636 554 1696 irritum
564 1637 688 1698 redacta
696 1647 785 1712 esset,
802 1637 913 1700 iterum
924 1639 1052 1698 classem

71 1728 290 1786 sexcentarum
316 1721 442 1784 navium
469 1723 656 1802 comparavit
676 1723 763 1802 eique
783 1723 886 1785 Datim
906 1721 1052 1805 praefecit
1075 1715 1116 1779 15

73 1817 108 1872 et
131 1809 352 1890 Artaphernem
375 1808 483 1887 hisque
509 1808 639 1869 ducenta
664 1809 814 1890 peditum,
841 1810 947 1870 decem
968 1809 1053 1872 milia
1092 1807 1094 1812 ’

78 1894 220 1974 equitum
234 1895 315 1956 dedit
328 1890 526 1978 (quamquam
540 1894 579 1956 de
592 1913 717 1956 numero
732 1895 895 1975 scriptores
909 1915 969 1956 non
984 1913 1053 1956 eon-

82 1975 241 2063 sentiunt),
257 1999 391 2042 caussam
407 1980 610 2060 interponens,
627 1999 660 2040 se
674 1981 792 2040 hostem
807 1999 874 2040 esse
888 1979 1053 2043 Athenien-

76 2067 167 2140 sium,
191 2065 269 2144 qupd
290 2085 393 2128 eorum
408 2065 524 2126 auxilio
544 2065 635 2126 Iones
656 2062 768 2126 Sardes
790 2066 1054 2144 expugnavissent

70 2160 104 2213 et
120 2151 365 2213 combussissent
409 2150 463 2212 Illi
476 2151 622 2230 praefecti
635 2151 715 2229 regii
730 2151 827 2212 classe
842 2151 881 2211 ad
896 2149 1051 2212 Euboeam
1074 2139 1117 2204 20

69 2237 206 2298 insulam
221 2238 349 2318 appulsa
364 2237 504 2298 celeriter
518 2233 679 2313 Eretriam,
703 2256 779 2316 quae
798 2235 873 2297 urbs
891 2236 960 2317 ipsa
980 2256 1051 2317 quo·
1090 2269 1095 2289 ι

70 2343 133 2403 que
156 2322 280 2385 Ionibus
301 2322 418 2384 auxilia
443 2322 584 2398 miserat,
614 2325 759 2402 ceperunt
784 2340 948 2402 omnesque
970 2321 1052 2384 cives

72 2411 218 2489 abreptos
232 2410 263 2469 in
278 2409 402 2470 vincula
417 2409 610 2469 coniecerunt
624 2411 656 2468 et
669 2411 775 2488 postea
785 2428 889 2472 secum
903 2410 934 2470 in
946 2406 1052 2470 Asiam

69 2495 276 2556 abduxerunt.
320 2495 398 2556 inde
412 2493 546 2556 Atticam
566 2495 707 2574 aggressi
723 2494 825 2575 copias
841 2513 911 2556 suas
925 2495 957 2556 in
973 2514 1052 2557 cam-

70 2600 147 2661 pum
167 2581 348 2642 Marathona
367 2579 567 2642 deduxemnt.
612 2579 645 2640 Is
674 2581 760 2642 abest
778 2581 816 2642 ab
835 2581 911 2642 urbe
931 2581 1053 2641 circiter
1074 2567 1117 2632 25

71 2667 159 2727 milia
184 2685 329 2746 passuum
354 2667 468 2728 decem.
513 2665 581 2726 Hoc
605 2667 740 2727 tumultu
762 2664 964 2728 Athenienses
990 2669 1053 2727 tam

72 2751 245 2833 propinquo
260 2760 384 2833 tamque
398 2771 508 2834 magno
523 2751 653 2832 permoti
668 2753 815 2812 auxilium
830 2771 979 2832 nusquam
994 2751 1053 2811 nisi

72 2857 92 2898 a
117 2837 365 2900 Lacedaemoniis
397 2837 570 2917 petiverunt
594 2836 867 2917 Phidippidemque
900 2855 1053 2897 cursorem

72 2924 140 2984 eins
155 2923 289 3002 generis,
304 2923 355 3003 qui
366 2922 610 2984 hemerodromoe
621 2929 779 2998 vocantur,
794 2922 1052 2984 Lacedaemonem

72 3009 232 3083 miserunt,
254 3015 288 3070 ut
308 3009 477 3084 nuntiaret,
508 3027 598 3088 quam
619 3009 712 3069 celeri
731 3027 807 3089 opus
827 3011 908 3070 esset
927 3006 1050 3070 auxilio.
1074 2991 1117 3056 30

73 3095 166 3156 Domi
180 3097 283 3156 autem
297 3099 402 3156 creant
416 3095 520 3156 decem
534 3096 705 3174 praetores,
729 3094 781 3175 qui
803 3094 951 3156 exercitui
966 3113 1052 3174 prae-

72 3184 186 3254 essent,
201 3181 234 3240 in
250 3181 288 3241 iis
302 3181 481 3242 Miltiadem.
527 3179 570 3240 Hi
584 3180 678 3260 copiis
700 3179 803 3242 statim
823 3201 863 3241 ex
885 3181 961 3242 urbe
980 3180 1052 3242 edn-

73 3267 132 3326 ctis
148 3266 188 3328 ad
202 3267 306 3328 fanum
317 3265 460 3330 Herculis
474 3267 506 3328 in
517 3285 622 3346 campo
634 3265 825 3328 Marathonio
839 3266 1052 3340 consederunt
1124 3343 1125 3348 ἵ

74 3357 163 3413 erant
177 3356 288 3426 autem,
304 3356 338 3413 ut
353 3353 405 3413 alii
419 3352 567 3426 scribunt,
590 3371 714 3427 novem,
736 3357 771 3413 ut
789 3351 976 3432 probabilius
991 3351 1052 3425 alii,

72 3437 190 3513 decem,
206 3457 245 3498 ex
261 3438 392 3516 singulis
406 3438 544 3499 tribubus
559 3437 682 3516 singula
696 3438 797 3512 milia;
820 3457 854 3499 eo
869 3437 986 3500 auxilio
1000 3453 1053 3496 re·
1075 3417 1118 3484 35

72 3531 185 3584 nerunt
195 3512 398 3598 Plataeenses,
415 3543 492 3604 quae
504 3523 612 3586 civitas
623 3523 709 3584 mille
720 3523 804 3584 misit
814 3523 936 3584 milites
961 3521 1054 3582 Lace·

73 3609 227 3670 daemonii
240 3629 314 3670 vero
330 3629 368 3670 ne
383 3609 487 3670 statim
502 3628 589 3689 opem
604 3611 729 3685 ferrent,
744 3608 943 3688 religionibus
958 3607 1054 3688 impe·

74 3694 130 3755 diti
150 3697 235 3769 sunt;
256 3695 358 3774 itaque
379 3694 538 3776 postridie,
561 3713 653 3775 quam
673 3713 777 3776 pugna
797 3695 878 3756 facta
897 3697 961 3771 est,
984 3712 1055 3754 oum

78 3781 217 3840 exercitu
230 3779 582 3843 Marathona'venerunt.
