<?xml version="1.0" encoding="UTF-8"?>
<!DOCTYPE html PUBLIC "-//W3C//DTD XHTML 1.0 Transitional//EN"
    "http://www.w3.org/TR/xhtml1/DTD/xhtml1-transitional.dtd">
<html xmlns="http://www.w3.org/1999/xhtml" xml:lang="en" lang="en">
 <head>
  <title>
</title>
<meta http-equiv="Content-Type" content="text/html;charset=utf-8" />
  <meta name='ocr-system' content='tesseract 3.04.00' />
  <meta name='ocr-capabilities' content='ocr_page ocr_carea ocr_par ocr_line ocrx_word'/>
</head>
<body>
  <div class='ocr_page' id='page_1' title='image "./liberdeexcelben01nepogoog_0052.png"; bbox 0 0 2730 4460; ppageno 0'>
   <div class='ocr_carea' id='block_1_1' title="bbox 343 412 990 477">
    <p class='ocr_par' dir='ltr' id='par_1_1' title="bbox 343 412 990 477">
     <span class='ocr_line' id='line_1_1' title="bbox 343 412 990 477; baseline 0.002 -1"><span class='ocrx_word' id='word_1_1' title='bbox 343 417 403 476; x_wconf 89' lang='lat' dir='ltr'><strong>HI.</strong></span> <span class='ocrx_word' id='word_1_2' title='bbox 426 412 655 476; x_wconf 82' lang='lat' dir='ltr'><strong>ARISTIDES.</strong></span> <span class='ocrx_word' id='word_1_3' title='bbox 950 414 990 477; x_wconf 76' lang='lat'><strong>21</strong></span> 
     </span>
    </p>
   </div>
   <div class='ocr_carea' id='block_1_2' title="bbox 4 585 1066 2376">
    <p class='ocr_par' dir='ltr' id='par_1_2' title="bbox 10 585 997 838">
     <span class='ocr_line' id='line_1_2' title="bbox 10 585 997 668; baseline 0.001 -21"><span class='ocrx_word' id='word_1_4' title='bbox 10 586 230 668; x_wconf 79' lang='lat' dir='ltr'><strong>proferebatur,</strong></span> <span class='ocrx_word' id='word_1_5' title='bbox 247 586 431 649; x_wconf 86' lang='lat' dir='ltr'><strong>traditurum</strong></span> <span class='ocrx_word' id='word_1_6' title='bbox 446 585 640 667; x_wconf 86' lang='lat' dir='ltr'><strong>respondisse</strong></span> <span class='ocrx_word' id='word_1_7' title='bbox 654 586 781 663; x_wconf 85' lang='grc'><strong>(1161161,</strong></span> <span class='ocrx_word' id='word_1_8' title='bbox 805 587 947 650; x_wconf 88' lang='lat' dir='ltr'><strong>oblivisci</strong></span> <span class='ocrx_word' id='word_1_9' title='bbox 962 607 997 648; x_wconf 92' lang='grc'><strong>66</strong></span> 
     </span>
     <span class='ocr_line' id='line_1_3' title="bbox 10 672 996 753; baseline -0.001 -19"><span class='ocrx_word' id='word_1_10' title='bbox 10 673 106 734; x_wconf 87' lang='grc'><strong>166116</strong></span> <span class='ocrx_word' id='word_1_11' title='bbox 125 672 256 748; x_wconf 89' lang='lat' dir='ltr'><strong>discere;</strong></span> <span class='ocrx_word' id='word_1_12' title='bbox 278 672 368 734; x_wconf 88' lang='lat' dir='ltr'><strong>credo</strong></span> <span class='ocrx_word' id='word_1_13' title='bbox 389 673 470 753; x_wconf 91' lang='lat' dir='ltr'><strong>quod</strong></span> <span class='ocrx_word' id='word_1_14' title='bbox 493 673 660 736; x_wconf 74' lang='lat' dir='ltr'><strong>haerebant</strong></span> <span class='ocrx_word' id='word_1_15' title='bbox 680 673 713 734; x_wconf 93' lang='lat' dir='ltr'><strong>in</strong></span> <span class='ocrx_word' id='word_1_16' title='bbox 727 673 881 748; x_wconf 89' lang='lat' dir='ltr'><strong>memoria,</strong></span> <span class='ocrx_word' id='word_1_17' title='bbox 906 691 996 752; x_wconf 86' lang='lat' dir='ltr'><strong>quae</strong></span> 
     </span>
     <span class='ocr_line' id='line_1_4' title="bbox 10 757 996 838; baseline -0.001 -18"><span class='ocrx_word' id='word_1_18' title='bbox 10 778 131 838; x_wconf 89' lang='lat' dir='ltr'><strong>cunque</strong></span> <span class='ocrx_word' id='word_1_19' title='bbox 145 757 285 820; x_wconf 78' lang='lat' dir='ltr'><strong>audierat</strong></span> <span class='ocrx_word' id='word_1_20' title='bbox 299 759 351 820; x_wconf 88' lang='lat' dir='ltr'><strong>vel</strong></span> <span class='ocrx_word' id='word_1_21' title='bbox 365 758 494 823; x_wconf 83' lang='lat' dir='ltr'><strong>viderat.</strong></span> <span class='ocrx_word' id='word_1_22' title='bbox 537 758 628 820; x_wconf 88' lang='lat' dir='ltr'><strong>Illius</strong></span> <span class='ocrx_word' id='word_1_23' title='bbox 645 759 781 821; x_wconf 88' lang='lat' dir='ltr'><strong>consiliis</strong></span> <span class='ocrx_word' id='word_1_24' title='bbox 803 759 918 820; x_wconf 82' lang='lat' dir='ltr'><strong>iactum</strong></span> <span class='ocrx_word' id='word_1_25' title='bbox 940 761 996 832; x_wconf 89' lang='lat' dir='ltr'><strong>est,</strong></span> 
     </span>
    </p>

    <p class='ocr_par' dir='ltr' id='par_1_3' title="bbox 10 841 997 926">
     <span class='ocr_line' id='line_1_5' title="bbox 10 841 997 926; baseline 0.001 -22"><span class='ocrx_word' id='word_1_26' title='bbox 10 849 46 906; x_wconf 88' lang='grc'><strong>61</strong></span> <span class='ocrx_word' id='word_1_27' title='bbox 56 841 167 905; x_wconf 85' lang='lat' dir='ltr'><strong>Graeci</strong></span> <span class='ocrx_word' id='word_1_28' title='bbox 182 864 224 906; x_wconf 84' lang='lat' dir='ltr'><strong>ex</strong></span> <span class='ocrx_word' id='word_1_29' title='bbox 237 843 371 926; x_wconf 85' lang='lat' dir='ltr'><strong>ingentis</strong></span> <span class='ocrx_word' id='word_1_30' title='bbox 386 844 460 906; x_wconf 90' lang='lat' dir='ltr'><strong>belli</strong></span> <span class='ocrx_word' id='word_1_31' title='bbox 474 844 642 908; x_wconf 85' lang='lat' dir='ltr'><strong>terroribus</strong></span> <span class='ocrx_word' id='word_1_32' title='bbox 650 844 785 906; x_wconf 90' lang='lat' dir='ltr'><strong>victores</strong></span> <span class='ocrx_word' id='word_1_33' title='bbox 796 844 997 919; x_wconf 77' lang='lat' dir='ltr'><strong>discederent,</strong></span> 
     </span>
    </p>

    <p class='ocr_par' dir='ltr' id='par_1_4' title="bbox 4 924 1066 2376">
     <span class='ocr_line' id='line_1_6' title="bbox 9 924 1040 1011; baseline -0.003 -19"><span class='ocrx_word' id='word_1_34' title='bbox 9 950 47 992; x_wconf 92' lang='lat' dir='ltr'><strong>ao</strong></span> <span class='ocrx_word' id='word_1_35' title='bbox 62 929 122 990; x_wconf 90' lang='lat' dir='ltr'><strong>nisi</strong></span> <span class='ocrx_word' id='word_1_36' title='bbox 135 929 190 990; x_wconf 92' lang='lat' dir='ltr'><strong>ille</strong></span> <span class='ocrx_word' id='word_1_37' title='bbox 210 928 332 1006; x_wconf 85' lang='lat' dir='ltr'><strong>fuisset,</strong></span> <span class='ocrx_word' id='word_1_38' title='bbox 354 930 435 992; x_wconf 90' lang='lat' dir='ltr'><strong>haud</strong></span> <span class='ocrx_word' id='word_1_39' title='bbox 457 931 519 991; x_wconf 89' lang='lat' dir='ltr'><strong>scio</strong></span> <span class='ocrx_word' id='word_1_40' title='bbox 541 949 581 992; x_wconf 90' lang='lat' dir='ltr'><strong>an</strong></span> <span class='ocrx_word' id='word_1_41' title='bbox 596 927 728 994; x_wconf 84' lang='lat' dir='ltr'><strong>Graecia</strong></span> <span class='ocrx_word' id='word_1_42' title='bbox 746 930 874 1011; x_wconf 84' lang='lat' dir='ltr'><strong>impetui</strong></span> <span class='ocrx_word' id='word_1_43' title='bbox 888 930 996 991; x_wconf 89' lang='lat' dir='ltr'><strong>barba·</strong></span> <span class='ocrx_word' id='word_1_44' title='bbox 1018 924 1040 989; x_wconf 85' lang='lat'>5</span> 
     </span>
     <span class='ocr_line' id='line_1_7' title="bbox 9 1015 998 1078; baseline -0.001 -2"><span class='ocrx_word' id='word_1_45' title='bbox 9 1035 116 1078; x_wconf 89' lang='lat' dir='ltr'><strong>rorum</strong></span> <span class='ocrx_word' id='word_1_46' title='bbox 132 1015 350 1077; x_wconf 75' lang='lat' dir='ltr'><strong>succubuisset.</strong></span> <span class='ocrx_word' id='word_1_47' title='bbox 395 1015 538 1078; x_wconf 79' lang='lat' dir='ltr'><strong>Eundem</strong></span> <span class='ocrx_word' id='word_1_48' title='bbox 559 1019 661 1078; x_wconf 89' lang='lat' dir='ltr'><strong>tamen</strong></span> <span class='ocrx_word' id='word_1_49' title='bbox 683 1016 730 1077; x_wconf 83' lang='grc'><strong>161</strong></span> <span class='ocrx_word' id='word_1_50' title='bbox 745 1016 823 1078; x_wconf 91' lang='lat' dir='ltr'><strong>lucri</strong></span> <span class='ocrx_word' id='word_1_51' title='bbox 839 1015 998 1078; x_wconf 90' lang='lat' dir='ltr'><strong>studiosis-</strong></span> 
     </span>
     <span class='ocr_line' id='line_1_8' title="bbox 10 1101 1000 1183; baseline -0.001 -21"><span class='ocrx_word' id='word_1_52' title='bbox 10 1103 134 1176; x_wconf 89' lang='lat' dir='ltr'><strong>simum,</strong></span> <span class='ocrx_word' id='word_1_53' title='bbox 146 1101 369 1177; x_wconf 85' lang='lat' dir='ltr'><strong>avarissimum,</strong></span> <span class='ocrx_word' id='word_1_54' title='bbox 380 1103 502 1183; x_wconf 89' lang='lat' dir='ltr'><strong>praeter</strong></span> <span class='ocrx_word' id='word_1_55' title='bbox 511 1101 634 1163; x_wconf 91' lang='lat' dir='ltr'><strong>modum</strong></span> <span class='ocrx_word' id='word_1_56' title='bbox 641 1102 844 1176; x_wconf 88' lang='lat' dir='ltr'><strong>ambitiosum,</strong></span> <span class='ocrx_word' id='word_1_57' title='bbox 854 1101 1000 1162; x_wconf 89' lang='lat' dir='ltr'><strong>callidum</strong></span> 
     </span>
     <span class='ocr_line' id='line_1_9' title="bbox 9 1183 1001 1269; baseline -0.002 -21"><span class='ocrx_word' id='word_1_58' title='bbox 9 1187 116 1262; x_wconf 83' lang='lat' dir='ltr'><strong>fuisse,</strong></span> <span class='ocrx_word' id='word_1_59' title='bbox 132 1187 208 1248; x_wconf 90' lang='lat' dir='ltr'><strong>satis</strong></span> <span class='ocrx_word' id='word_1_60' title='bbox 222 1187 320 1248; x_wconf 91' lang='lat' dir='ltr'><strong>multa</strong></span> <span class='ocrx_word' id='word_1_61' title='bbox 338 1188 480 1269; x_wconf 88' lang='lat' dir='ltr'><strong>exempla</strong></span> <span class='ocrx_word' id='word_1_62' title='bbox 494 1186 610 1249; x_wconf 84' lang='lat' dir='ltr'><strong>docent.</strong></span> <span class='ocrx_word' id='word_1_63' title='bbox 648 1186 690 1248; x_wconf 86' lang='lat' dir='ltr'><strong>Et</strong></span> <span class='ocrx_word' id='word_1_64' title='bbox 703 1193 788 1248; x_wconf 88' lang='lat' dir='ltr'><strong>recte</strong></span> <span class='ocrx_word' id='word_1_65' title='bbox 803 1183 908 1248; x_wconf 83' lang='lat' dir='ltr'><strong>Oicero</strong></span> <span class='ocrx_word' id='word_1_66' title='bbox 925 1185 1001 1247; x_wconf 90' lang='lat' dir='ltr'><strong>dicit</strong></span> 
     </span>
     <span class='ocr_line' id='line_1_10' title="bbox 8 1271 999 1353; baseline -0.001 -21"><span class='ocrx_word' id='word_1_67' title='bbox 8 1272 194 1333; x_wconf 89' lang='grc'><strong>1166616116</strong></span> <span class='ocrx_word' id='word_1_68' title='bbox 209 1273 313 1348; x_wconf 90' lang='lat' dir='ltr'><strong>fuisse,</strong></span> <span class='ocrx_word' id='word_1_69' title='bbox 330 1272 382 1353; x_wconf 90' lang='lat' dir='ltr'><strong>qui</strong></span> <span class='ocrx_word' id='word_1_70' title='bbox 396 1272 488 1334; x_wconf 80' lang='lat' dir='ltr'><strong>facile</strong></span> <span class='ocrx_word' id='word_1_71' title='bbox 504 1273 648 1347; x_wconf 81' lang='lat' dir='ltr'><strong>celarent,</strong></span> <span class='ocrx_word' id='word_1_72' title='bbox 666 1273 811 1346; x_wconf 77' lang='lat' dir='ltr'><strong>tacerent,</strong></span> <span class='ocrx_word' id='word_1_73' title='bbox 826 1271 999 1333; x_wconf 89' lang='lat' dir='ltr'><strong>dissimula·</strong></span> 
     </span>
     <span class='ocr_line' id='line_1_11' title="bbox 8 1353 1063 1439; baseline -0.002 -21"><span class='ocrx_word' id='word_1_74' title='bbox 8 1361 90 1433; x_wconf 90' lang='lat' dir='ltr'><strong>rent,</strong></span> <span class='ocrx_word' id='word_1_75' title='bbox 111 1357 342 1435; x_wconf 83' lang='lat' dir='ltr'><strong>insidiarentur,</strong></span> <span class='ocrx_word' id='word_1_76' title='bbox 366 1359 576 1439; x_wconf 89' lang='lat' dir='ltr'><strong>praeriperent</strong></span> <span class='ocrx_word' id='word_1_77' title='bbox 598 1357 730 1420; x_wconf 90' lang='lat' dir='ltr'><strong>hostium</strong></span> <span class='ocrx_word' id='word_1_78' title='bbox 752 1356 893 1432; x_wconf 90' lang='lat' dir='ltr'><strong>consilia,</strong></span> <span class='ocrx_word' id='word_1_79' title='bbox 917 1355 999 1436; x_wconf 92' lang='lat' dir='ltr'><strong>quod</strong></span> <span class='ocrx_word' id='word_1_80' title='bbox 1022 1353 1063 1417; x_wconf 89' lang='lat'><strong>10</strong></span> 
     </span>
     <span class='ocr_line' id='line_1_12' title="bbox 7 1440 1000 1525; baseline -0.002 -21"><span class='ocrx_word' id='word_1_81' title='bbox 7 1443 86 1504; x_wconf 88' lang='grc'><strong>66116</strong></span> <span class='ocrx_word' id='word_1_82' title='bbox 102 1462 143 1504; x_wconf 87' lang='lat' dir='ltr'><strong>ex</strong></span> <span class='ocrx_word' id='word_1_83' title='bbox 155 1442 194 1504; x_wconf 89' lang='lat' dir='ltr'><strong>iis</strong></span> <span class='ocrx_word' id='word_1_84' title='bbox 209 1450 343 1525; x_wconf 85' lang='lat' dir='ltr'><strong>apparet,</strong></span> <span class='ocrx_word' id='word_1_85' title='bbox 359 1464 437 1524; x_wconf 93' lang='lat' dir='ltr'><strong>quae</strong></span> <span class='ocrx_word' id='word_1_86' title='bbox 450 1444 489 1506; x_wconf 92' lang='grc'><strong>(16</strong></span> <span class='ocrx_word' id='word_1_87' title='bbox 501 1463 536 1505; x_wconf 89' lang='grc'><strong>66</strong></span> <span class='ocrx_word' id='word_1_88' title='bbox 545 1443 746 1508; x_wconf 86' lang='lat' dir='ltr'><strong>narravimus.</strong></span> <span class='ocrx_word' id='word_1_89' title='bbox 769 1440 871 1506; x_wconf 87' lang='lat' dir='ltr'><strong>Unum</strong></span> <span class='ocrx_word' id='word_1_90' title='bbox 884 1442 1000 1504; x_wconf 84' lang='lat' dir='ltr'><strong>addere</strong></span> 
     </span>
     <span class='ocr_line' id='line_1_13' title="bbox 8 1527 1000 1611; baseline -0.002 -22"><span class='ocrx_word' id='word_1_91' title='bbox 8 1531 129 1610; x_wconf 90' lang='lat' dir='ltr'><strong>placet,</strong></span> <span class='ocrx_word' id='word_1_92' title='bbox 163 1549 204 1590; x_wconf 86' lang='lat' dir='ltr'><strong>ex</strong></span> <span class='ocrx_word' id='word_1_93' title='bbox 229 1549 288 1609; x_wconf 91' lang='lat' dir='ltr'><strong>quo</strong></span> <span class='ocrx_word' id='word_1_94' title='bbox 319 1529 485 1609; x_wconf 84' lang='lat' dir='ltr'><strong>singularis</strong></span> <span class='ocrx_word' id='word_1_95' title='bbox 517 1530 664 1611; x_wconf 90' lang='lat' dir='ltr'><strong>pecuniae</strong></span> <span class='ocrx_word' id='word_1_96' title='bbox 693 1529 803 1610; x_wconf 88' lang='lat' dir='ltr'><strong>cupido</strong></span> <span class='ocrx_word' id='word_1_97' title='bbox 832 1527 922 1589; x_wconf 88' lang='lat' dir='ltr'><strong>huius</strong></span> <span class='ocrx_word' id='word_1_98' title='bbox 947 1527 1000 1588; x_wconf 89' lang='lat' dir='ltr'><strong>vel</strong></span> 
     </span>
     <span class='ocr_line' id='line_1_14' title="bbox 7 1612 999 1696; baseline 0 -22"><span class='ocrx_word' id='word_1_99' title='bbox 7 1613 148 1676; x_wconf 88' lang='lat' dir='ltr'><strong>maxime</strong></span> <span class='ocrx_word' id='word_1_100' title='bbox 162 1615 305 1693; x_wconf 82' lang='lat' dir='ltr'><strong>cognosci</strong></span> <span class='ocrx_word' id='word_1_101' title='bbox 318 1615 423 1696; x_wconf 88' lang='lat' dir='ltr'><strong>possit.</strong></span> <span class='ocrx_word' id='word_1_102' title='bbox 463 1612 542 1678; x_wconf 83' lang='lat' dir='ltr'><strong>cum</strong></span> <span class='ocrx_word' id='word_1_103' title='bbox 557 1612 668 1677; x_wconf 85' lang='lat' dir='ltr'><strong>Graeci</strong></span> <span class='ocrx_word' id='word_1_104' title='bbox 684 1615 722 1676; x_wconf 93' lang='lat' dir='ltr'><strong>de</strong></span> <span class='ocrx_word' id='word_1_105' title='bbox 736 1613 839 1676; x_wconf 89' lang='lat' dir='ltr'><strong>reditu</strong></span> <span class='ocrx_word' id='word_1_106' title='bbox 854 1615 894 1675; x_wconf 91' lang='lat' dir='ltr'><strong>ab</strong></span> <span class='ocrx_word' id='word_1_107' title='bbox 908 1612 999 1674; x_wconf 89' lang='lat' dir='ltr'><strong>Arte·</strong></span> 
     </span>
     <span class='ocr_line' id='line_1_15' title="bbox 5 1699 1001 1782; baseline -0.002 -21"><span class='ocrx_word' id='word_1_108' title='bbox 5 1700 100 1762; x_wconf 91' lang='lat' dir='ltr'><strong>misio</strong></span> <span class='ocrx_word' id='word_1_109' title='bbox 111 1701 248 1782; x_wconf 88' lang='lat' dir='ltr'><strong>parando</strong></span> <span class='ocrx_word' id='word_1_110' title='bbox 260 1702 438 1781; x_wconf 81' lang='lat' dir='ltr'><strong>cogitarent,</strong></span> <span class='ocrx_word' id='word_1_111' title='bbox 456 1700 575 1763; x_wconf 87' lang='lat' dir='ltr'><strong>incolae</strong></span> <span class='ocrx_word' id='word_1_112' title='bbox 585 1700 728 1763; x_wconf 82' lang='lat' dir='ltr'><strong>Euboeae</strong></span> <span class='ocrx_word' id='word_1_113' title='bbox 740 1700 860 1762; x_wconf 89' lang='lat' dir='ltr'><strong>insulae</strong></span> <span class='ocrx_word' id='word_1_114' title='bbox 870 1699 1001 1778; x_wconf 82' lang='lat' dir='ltr'><strong>triginta</strong></span> 
     </span>
     <span class='ocr_line' id='line_1_16' title="bbox 5 1779 1065 1867; baseline -0.004 -19"><span class='ocrx_word' id='word_1_115' title='bbox 5 1786 129 1848; x_wconf 88' lang='lat' dir='ltr'><strong>talenta</strong></span> <span class='ocrx_word' id='word_1_116' title='bbox 148 1786 178 1845; x_wconf 91' lang='lat' dir='ltr'><strong>ei</strong></span> <span class='ocrx_word' id='word_1_117' title='bbox 197 1786 360 1862; x_wconf 89' lang='lat' dir='ltr'><strong>miserunt,</strong></span> <span class='ocrx_word' id='word_1_118' title='bbox 389 1807 428 1848; x_wconf 88' lang='lat' dir='ltr'><strong>ne</strong></span> <span class='ocrx_word' id='word_1_119' title='bbox 455 1787 541 1867; x_wconf 92' lang='lat' dir='ltr'><strong>prins</strong></span> <span class='ocrx_word' id='word_1_120' title='bbox 569 1787 676 1849; x_wconf 91' lang='grc'><strong>6166616</strong></span> <span class='ocrx_word' id='word_1_121' title='bbox 698 1786 770 1847; x_wconf 92' lang='lat' dir='ltr'><strong>inde</strong></span> <span class='ocrx_word' id='word_1_122' title='bbox 792 1784 999 1860; x_wconf 89' lang='lat' dir='ltr'><strong>reduceretur,</strong></span> <span class='ocrx_word' id='word_1_123' title='bbox 1023 1779 1065 1845; x_wconf 79' lang='lat'><strong>15</strong></span> 
     </span>
     <span class='ocr_line' id='line_1_17' title="bbox 6 1869 999 1950; baseline -0.002 -18"><span class='ocrx_word' id='word_1_124' title='bbox 6 1891 107 1950; x_wconf 90' lang='lat' dir='ltr'><strong>quam</strong></span> <span class='ocrx_word' id='word_1_125' title='bbox 126 1889 161 1930; x_wconf 93' lang='lat' dir='ltr'><strong>se</strong></span> <span class='ocrx_word' id='word_1_126' title='bbox 175 1887 290 1949; x_wconf 89' lang='lat' dir='ltr'><strong>suaque</strong></span> <span class='ocrx_word' id='word_1_127' title='bbox 303 1871 336 1930; x_wconf 91' lang='lat' dir='ltr'><strong>in</strong></span> <span class='ocrx_word' id='word_1_128' title='bbox 351 1873 450 1931; x_wconf 89' lang='lat' dir='ltr'><strong>tutum</strong></span> <span class='ocrx_word' id='word_1_129' title='bbox 471 1872 677 1933; x_wconf 84' lang='lat' dir='ltr'><strong>contulissent.</strong></span> <span class='ocrx_word' id='word_1_130' title='bbox 721 1869 763 1932; x_wconf 85' lang='lat' dir='ltr'><strong>Et</strong></span> <span class='ocrx_word' id='word_1_131' title='bbox 777 1869 999 1932; x_wconf 79' lang='lat' dir='ltr'><strong>Themistocles</strong></span> 
     </span>
     <span class='ocr_line' id='line_1_18' title="bbox 6 1953 1000 2037; baseline -0.001 -21"><span class='ocrx_word' id='word_1_132' title='bbox 6 1953 186 2037; x_wconf 79' lang='lat' dir='ltr'><strong>Eurybiadi</strong></span> <span class='ocrx_word' id='word_1_133' title='bbox 197 1955 320 2034; x_wconf 90' lang='lat' dir='ltr'><strong>quidem</strong></span> <span class='ocrx_word' id='word_1_134' title='bbox 330 1954 570 2018; x_wconf 87' lang='lat' dir='ltr'><strong>Lacedaemonio</strong></span> <span class='ocrx_word' id='word_1_135' title='bbox 582 1956 723 2036; x_wconf 90' lang='lat' dir='ltr'><strong>quinque,</strong></span> <span class='ocrx_word' id='word_1_136' title='bbox 736 1954 904 2017; x_wconf 90' lang='lat' dir='ltr'><strong>Adimanto</strong></span> <span class='ocrx_word' id='word_1_137' title='bbox 915 1974 1000 2029; x_wconf 88' lang='lat' dir='ltr'><strong>vero,</strong></span> 
     </span>
     <span class='ocr_line' id='line_1_19' title="bbox 8 2039 1001 2123; baseline -0.002 -21"><span class='ocrx_word' id='word_1_138' title='bbox 8 2039 243 2102; x_wconf 81' lang='lat' dir='ltr'><strong>Corinthiorum</strong></span> <span class='ocrx_word' id='word_1_139' title='bbox 267 2040 350 2116; x_wconf 91' lang='lat' dir='ltr'><strong>duci,</strong></span> <span class='ocrx_word' id='word_1_140' title='bbox 382 2039 443 2101; x_wconf 90' lang='lat' dir='ltr'><strong>tria</strong></span> <span class='ocrx_word' id='word_1_141' title='bbox 463 2041 591 2118; x_wconf 88' lang='grc'><strong>1616616,</strong></span> <span class='ocrx_word' id='word_1_142' title='bbox 623 2044 659 2100; x_wconf 89' lang='grc'><strong>61</strong></span> <span class='ocrx_word' id='word_1_143' title='bbox 679 2040 718 2101; x_wconf 92' lang='lat' dir='ltr'><strong>iis</strong></span> <span class='ocrx_word' id='word_1_144' title='bbox 738 2039 772 2101; x_wconf 92' lang='lat' dir='ltr'><strong>id</strong></span> <span class='ocrx_word' id='word_1_145' title='bbox 792 2040 1001 2123; x_wconf 89' lang='lat' dir='ltr'><strong>persuaderet,</strong></span> 
     </span>
     <span class='ocr_line' id='line_1_20' title="bbox 5 2124 1001 2207; baseline -0.002 -20"><span class='ocrx_word' id='word_1_146' title='bbox 5 2126 139 2201; x_wconf 89' lang='lat' dir='ltr'><strong>obtulit,</strong></span> <span class='ocrx_word' id='word_1_147' title='bbox 161 2124 217 2186; x_wconf 90' lang='lat' dir='ltr'><strong>scd</strong></span> <span class='ocrx_word' id='word_1_148' title='bbox 232 2125 291 2186; x_wconf 88' lang='lat' dir='ltr'><strong>sibi</strong></span> <span class='ocrx_word' id='word_1_149' title='bbox 306 2125 451 2188; x_wconf 87' lang='lat' dir='ltr'><strong>maiorem</strong></span> <span class='ocrx_word' id='word_1_150' title='bbox 466 2129 585 2207; x_wconf 86' lang='lat' dir='ltr'><strong>partem</strong></span> <span class='ocrx_word' id='word_1_151' title='bbox 599 2125 772 2187; x_wconf 83' lang='lat' dir='ltr'><strong>reservavit</strong></span> <span class='ocrx_word' id='word_1_152' title='bbox 786 2132 818 2187; x_wconf 94' lang='lat' dir='ltr'><strong>et</strong></span> <span class='ocrx_word' id='word_1_153' title='bbox 832 2124 1001 2187; x_wconf 87' lang='lat' dir='ltr'><strong>maximum</strong></span> 
     </span>
     <span class='ocr_line' id='line_1_21' title="bbox 4 2206 1066 2292; baseline 0.001 -20"><span class='ocrx_word' id='word_1_154' title='bbox 4 2211 134 2272; x_wconf 90' lang='lat' dir='ltr'><strong>lucrum</strong></span> <span class='ocrx_word' id='word_1_155' title='bbox 153 2210 239 2286; x_wconf 85' lang='grc'><strong>16611,</strong></span> <span class='ocrx_word' id='word_1_156' title='bbox 265 2230 334 2273; x_wconf 93' lang='lat' dir='ltr'><strong>oum</strong></span> <span class='ocrx_word' id='word_1_157' title='bbox 354 2216 514 2292; x_wconf 86' lang='lat' dir='ltr'><strong>praeterea</strong></span> <span class='ocrx_word' id='word_1_158' title='bbox 535 2210 752 2273; x_wconf 89' lang='grc'><strong>111166616666</strong></span> <span class='ocrx_word' id='word_1_159' title='bbox 767 2210 1001 2273; x_wconf 83' lang='lat' dir='ltr'><strong>Atheniensium</strong></span> <span class='ocrx_word' id='word_1_160' title='bbox 1022 2206 1066 2273; x_wconf 70' lang='lat'><strong>20</strong></span> 
     </span>
     <span class='ocr_line' id='line_1_22' title="bbox 5 2295 575 2376; baseline 0.002 -20"><span class='ocrx_word' id='word_1_161' title='bbox 5 2315 81 2358; x_wconf 90' lang='lat' dir='ltr'><strong>eam</strong></span> <span class='ocrx_word' id='word_1_162' title='bbox 95 2295 256 2376; x_wconf 88' lang='lat' dir='ltr'><strong>pecuniam</strong></span> <span class='ocrx_word' id='word_1_163' title='bbox 271 2295 393 2359; x_wconf 85' lang='lat' dir='ltr'><strong>dedisse</strong></span> <span class='ocrx_word' id='word_1_164' title='bbox 409 2297 575 2358; x_wconf 84' lang='lat' dir='ltr'><strong>simularet.</strong></span> 
     </span>
    </p>
   </div>
   <div class='ocr_carea' id='block_1_3' title="bbox 403 2571 607 2580">
    <p class='ocr_par' dir='ltr' id='par_1_5' title="bbox 403 2571 607 2580">
     <span class='ocr_line' id='line_1_23' title="bbox 403 2571 607 2580; baseline -0.01 0"><span class='ocrx_word' id='word_1_165' title='bbox 403 2571 607 2580; x_wconf 48' lang='grc' dir='ltr'><strong>*ιιι-μ-</strong></span> 
     </span>
    </p>
   </div>
   <div class='ocr_carea' id='block_1_4' title="bbox 339 2788 673 2870">
    <p class='ocr_par' dir='ltr' id='par_1_6' title="bbox 339 2788 673 2870">
     <span class='ocr_line' id='line_1_24' title="bbox 339 2788 673 2870; baseline 0.003 -1"><span class='ocrx_word' id='word_1_166' title='bbox 339 2788 420 2870; x_wconf 89' lang='grc'><strong>111.</strong></span> <span class='ocrx_word' id='word_1_167' title='bbox 447 2788 673 2870; x_wconf 76' lang='lat' dir='ltr'><strong>Aristides.</strong></span> 
     </span>
    </p>
   </div>
   <div class='ocr_carea' id='block_1_5' title="bbox 1 2964 1076 3743">
    <p class='ocr_par' dir='ltr' id='par_1_7' title="bbox 2 2964 1041 3229">
     <span class='ocr_line' id='line_1_25' title="bbox 5 2964 1041 3060; baseline 0.001 -24"><span class='ocrx_word' id='word_1_168' title='bbox 5 2964 190 3053; x_wconf 80' lang='lat' dir='ltr'><strong>Amsrmss,</strong></span> <span class='ocrx_word' id='word_1_169' title='bbox 207 2976 384 3060; x_wconf 80' lang='lat' dir='ltr'><strong>Lysimachi</strong></span> <span class='ocrx_word' id='word_1_170' title='bbox 397 2976 488 3052; x_wconf 88' lang='lat' dir='ltr'><strong>filius,</strong></span> <span class='ocrx_word' id='word_1_171' title='bbox 504 2975 701 3037; x_wconf 82' lang='lat' dir='ltr'><strong>Atheniensis</strong></span> <span class='ocrx_word' id='word_1_172' title='bbox 716 2975 853 3057; x_wconf 89' lang='lat' dir='ltr'><strong>aequalis</strong></span> <span class='ocrx_word' id='word_1_173' title='bbox 867 2975 931 3037; x_wconf 84' lang='lat' dir='ltr'><strong>lere</strong></span> <span class='ocrx_word' id='word_1_174' title='bbox 944 2975 1003 3038; x_wconf 82' lang='lat' dir='ltr'><strong>fuit</strong></span> <span class='ocrx_word' id='word_1_175' title='bbox 1024 2976 1041 3037; x_wconf 95' lang='grc' dir='ltr'>Ι</span> 
     </span>
     <span class='ocr_line' id='line_1_26' title="bbox 5 3061 1001 3141; baseline -0.002 -15"><span class='ocrx_word' id='word_1_176' title='bbox 5 3063 224 3128; x_wconf 80' lang='lat' dir='ltr'><strong>Themistocli.</strong></span> <span class='ocrx_word' id='word_1_177' title='bbox 267 3062 300 3124; x_wconf 88' lang='lat' dir='ltr'><strong>ls</strong></span> <span class='ocrx_word' id='word_1_178' title='bbox 322 3063 390 3126; x_wconf 92' lang='lat' dir='ltr'><strong>sine</strong></span> <span class='ocrx_word' id='word_1_179' title='bbox 411 3062 503 3123; x_wconf 89' lang='lat' dir='ltr'><strong>dubio</strong></span> <span class='ocrx_word' id='word_1_180' title='bbox 518 3061 651 3141; x_wconf 88' lang='lat' dir='ltr'><strong>optimus</strong></span> <span class='ocrx_word' id='word_1_181' title='bbox 666 3064 698 3122; x_wconf 92' lang='lat' dir='ltr'><strong>et</strong></span> <span class='ocrx_word' id='word_1_182' title='bbox 710 3061 897 3123; x_wconf 87' lang='lat' dir='ltr'><strong>iustissimus</strong></span> <span class='ocrx_word' id='word_1_183' title='bbox 912 3062 1001 3124; x_wconf 94' lang='lat' dir='ltr'><strong>homo</strong></span> 
     </span>
     <span class='ocr_line' id='line_1_27' title="bbox 2 3147 1004 3229; baseline 0 -20"><span class='ocrx_word' id='word_1_184' title='bbox 2 3148 149 3209; x_wconf 89' lang='lat' dir='ltr'><strong>Athenis</strong></span> <span class='ocrx_word' id='word_1_185' title='bbox 163 3148 221 3209; x_wconf 86' lang='lat' dir='ltr'><strong>fnit</strong></span> <span class='ocrx_word' id='word_1_186' title='bbox 234 3148 371 3229; x_wconf 91' lang='lat' dir='ltr'><strong>adeoque</strong></span> <span class='ocrx_word' id='word_1_187' title='bbox 384 3147 558 3209; x_wconf 87' lang='lat' dir='ltr'><strong>excellebat</strong></span> <span class='ocrx_word' id='word_1_188' title='bbox 572 3147 760 3224; x_wconf 88' lang='lat' dir='ltr'><strong>innocentia,</strong></span> <span class='ocrx_word' id='word_1_189' title='bbox 783 3148 818 3209; x_wconf 92' lang='lat' dir='ltr'><strong>ut</strong></span> <span class='ocrx_word' id='word_1_190' title='bbox 841 3167 919 3209; x_wconf 88' lang='lat' dir='ltr'><strong>unus</strong></span> <span class='ocrx_word' id='word_1_191' title='bbox 934 3151 1004 3229; x_wconf 89' lang='lat' dir='ltr'><strong>post</strong></span> 
     </span>
    </p>

    <p class='ocr_par' dir='ltr' id='par_1_8' title="bbox 1 3231 1002 3316">
     <span class='ocr_line' id='line_1_28' title="bbox 1 3231 1002 3316; baseline 0.006 -27"><span class='ocrx_word' id='word_1_192' title='bbox 1 3260 19 3289; x_wconf 72' lang='grc' dir='ltr'>ι</span> <span class='ocrx_word' id='word_1_193' title='bbox 30 3231 175 3293; x_wconf 90' lang='lat' dir='ltr'><strong>ominum</strong></span> <span class='ocrx_word' id='word_1_194' title='bbox 185 3234 369 3310; x_wconf 82' lang='lat' dir='ltr'><strong>memoriam,</strong></span> <span class='ocrx_word' id='word_1_195' title='bbox 382 3253 473 3314; x_wconf 89' lang='lat' dir='ltr'><strong>quem</strong></span> <span class='ocrx_word' id='word_1_196' title='bbox 485 3232 608 3316; x_wconf 87' lang='lat' dir='ltr'><strong>quidem</strong></span> <span class='ocrx_word' id='word_1_197' title='bbox 617 3252 672 3296; x_wconf 91' lang='lat' dir='ltr'><strong>nos</strong></span> <span class='ocrx_word' id='word_1_198' title='bbox 685 3232 880 3309; x_wconf 85' lang='lat' dir='ltr'><strong>audierimus,</strong></span> <span class='ocrx_word' id='word_1_199' title='bbox 893 3252 1002 3313; x_wconf 78' lang='lat' dir='ltr'><strong>cogno·</strong></span> 
     </span>
    </p>

    <p class='ocr_par' dir='ltr' id='par_1_9' title="bbox 0 3315 1076 3743">
     <span class='ocr_line' id='line_1_29' title="bbox 12 3315 1045 3400; baseline 0.007 -26"><span class='ocrx_word' id='word_1_200' title='bbox 12 3346 31 3375; x_wconf 71' lang='grc'><strong>,1</strong></span> <span class='ocrx_word' id='word_1_201' title='bbox 44 3319 100 3378; x_wconf 88' lang='lat' dir='ltr'><strong>&#39;nc</strong></span> <span class='ocrx_word' id='word_1_202' title='bbox 121 3315 220 3378; x_wconf 88' lang='grc'><strong>166166</strong></span> <span class='ocrx_word' id='word_1_203' title='bbox 234 3318 275 3380; x_wconf 86' lang='grc'><strong>611</strong></span> <span class='ocrx_word' id='word_1_204' title='bbox 296 3320 475 3400; x_wconf 87' lang='lat' dir='ltr'><strong>appellatus.</strong></span> <span class='ocrx_word' id='word_1_205' title='bbox 510 3315 588 3381; x_wconf 78' lang='lat' dir='ltr'><strong>(lum</strong></span> <span class='ocrx_word' id='word_1_206' title='bbox 609 3317 770 3399; x_wconf 87' lang='lat' dir='ltr'><strong>aliqnando</strong></span> <span class='ocrx_word' id='word_1_207' title='bbox 792 3319 1004 3381; x_wconf 89' lang='lat' dir='ltr'><strong>adversarium</strong></span> <span class='ocrx_word' id='word_1_208' title='bbox 1023 3316 1045 3381; x_wconf 81' lang='lat'>5</span> 
     </span>
     <span class='ocr_line' id='line_1_30' title="bbox 14 3401 1004 3480; baseline 0.002 -18.972"><span class='ocrx_word' id='word_1_209' title='bbox 14 3426 39 3465; x_wconf 93' lang='lat' dir='ltr'><strong>n</strong></span> <span class='ocrx_word' id='word_1_210' title='bbox 66 3401 218 3464; x_wconf 91' lang='lat' dir='ltr'><strong>iudicium</strong></span> <span class='ocrx_word' id='word_1_211' title='bbox 238 3405 425 3480; x_wconf 86' lang='lat' dir='ltr'><strong>vocavisset,</strong></span> <span class='ocrx_word' id='word_1_212' title='bbox 455 3423 525 3466; x_wconf 87' lang='grc'><strong>6661</strong></span> <span class='ocrx_word' id='word_1_213' title='bbox 548 3403 664 3465; x_wconf 87' lang='lat' dir='ltr'><strong>iudices</strong></span> <span class='ocrx_word' id='word_1_214' title='bbox 685 3405 877 3467; x_wconf 89' lang='lat' dir='ltr'><strong>accusatione</strong></span> <span class='ocrx_word' id='word_1_215' title='bbox 899 3403 1004 3464; x_wconf 90' lang='lat' dir='ltr'><strong>audita</strong></span> 
     </span>
     <span class='ocr_line' id='line_1_31' title="bbox 2 3481 1076 3570; baseline -0.002 -18"><span class='ocrx_word' id='word_1_216' title='bbox 2 3509 96 3567; x_wconf 91' lang='lat' dir='ltr'><strong>eum,</strong></span> <span class='ocrx_word' id='word_1_217' title='bbox 112 3488 335 3570; x_wconf 86' lang='lat' dir='ltr'><strong>undepetebat,</strong></span> <span class='ocrx_word' id='word_1_218' title='bbox 348 3490 452 3552; x_wconf 88' lang='lat' dir='ltr'><strong>audire</strong></span> <span class='ocrx_word' id='word_1_219' title='bbox 464 3489 590 3565; x_wconf 91' lang='lat' dir='ltr'><strong>nollent,</strong></span> <span class='ocrx_word' id='word_1_220' title='bbox 605 3489 660 3550; x_wconf 90' lang='lat' dir='ltr'><strong>sed</strong></span> <span class='ocrx_word' id='word_1_221' title='bbox 671 3490 776 3551; x_wconf 87' lang='lat' dir='ltr'><strong>statim</strong></span> <span class='ocrx_word' id='word_1_222' title='bbox 787 3492 822 3552; x_wconf 89' lang='lat' dir='ltr'><strong>ut</strong></span> <span class='ocrx_word' id='word_1_223' title='bbox 833 3487 1004 3550; x_wconf 89' lang='lat' dir='ltr'><strong>sententiae</strong></span> <span class='ocrx_word' id='word_1_224' title='bbox 1069 3481 1076 3510; x_wconf 70' lang='lat'>³</span> 
     </span>
     <span class='ocr_line' id='line_1_32' title="bbox 2 3573 1002 3656; baseline 0 -20"><span class='ocrx_word' id='word_1_225' title='bbox 2 3577 191 3637; x_wconf 87' lang='lat' dir='ltr'><strong>dicerentur</strong></span> <span class='ocrx_word' id='word_1_226' title='bbox 218 3578 393 3656; x_wconf 88' lang='lat' dir='ltr'><strong>poscerent,</strong></span> <span class='ocrx_word' id='word_1_227' title='bbox 422 3575 490 3656; x_wconf 90' lang='lat' dir='ltr'><strong>ipse</strong></span> <span class='ocrx_word' id='word_1_228' title='bbox 513 3574 712 3654; x_wconf 86' lang='lat' dir='ltr'><strong>supplicavit,</strong></span> <span class='ocrx_word' id='word_1_229' title='bbox 742 3579 778 3636; x_wconf 92' lang='lat' dir='ltr'><strong>ut</strong></span> <span class='ocrx_word' id='word_1_230' title='bbox 806 3573 1002 3636; x_wconf 88' lang='lat' dir='ltr'><strong>adversarius</strong></span> 
     </span>
     <span class='ocr_line' id='line_1_33' title="bbox 2 3659 1003 3743; baseline -0.001 -20"><span class='ocrx_word' id='word_1_231' title='bbox 2 3659 173 3723; x_wconf 84' lang='lat' dir='ltr'><strong>audiretur</strong></span> <span class='ocrx_word' id='word_1_232' title='bbox 194 3661 283 3743; x_wconf 87' lang='lat' dir='ltr'><strong>eique</strong></span> <span class='ocrx_word' id='word_1_233' title='bbox 302 3661 350 3722; x_wconf 90' lang='grc'><strong>166</strong></span> <span class='ocrx_word' id='word_1_234' title='bbox 371 3680 461 3723; x_wconf 86' lang='grc'><strong>66661</strong></span> <span class='ocrx_word' id='word_1_235' title='bbox 485 3660 673 3723; x_wconf 87' lang='lat' dir='ltr'><strong>redderetur.</strong></span> <span class='ocrx_word' id='word_1_236' title='bbox 725 3660 813 3723; x_wconf 91' lang='lat' dir='ltr'><strong>Idem</strong></span> <span class='ocrx_word' id='word_1_237' title='bbox 833 3677 903 3721; x_wconf 92' lang='lat' dir='ltr'><strong>cum</strong></span> <span class='ocrx_word' id='word_1_238' title='bbox 922 3659 1003 3722; x_wconf 85' lang='lat' dir='ltr'><strong>inter</strong></span> 
     </span>
    </p>
   </div>
   <div class='ocr_carea' id='block_1_6' title="bbox 1 3743 1068 3829">
    <p class='ocr_par' dir='ltr' id='par_1_10' title="bbox 1 3743 1068 3829">
     <span class='ocr_line' id='line_1_34' title="bbox 1 3743 1068 3829; baseline 0.003 -23"><span class='ocrx_word' id='word_1_239' title='bbox 1 3745 153 3829; x_wconf 88' lang='lat' dir='ltr'><strong>privatos</strong></span> <span class='ocrx_word' id='word_1_240' title='bbox 168 3746 244 3810; x_wconf 87' lang='lat' dir='ltr'><strong>duos</strong></span> <span class='ocrx_word' id='word_1_241' title='bbox 259 3747 396 3810; x_wconf 90' lang='lat' dir='ltr'><strong>homines</strong></span> <span class='ocrx_word' id='word_1_242' title='bbox 407 3747 494 3809; x_wconf 86' lang='lat' dir='ltr'><strong>litem</strong></span> <span class='ocrx_word' id='word_1_243' title='bbox 507 3745 673 3824; x_wconf 90' lang='lat' dir='ltr'><strong>dirimeret,</strong></span> <span class='ocrx_word' id='word_1_244' title='bbox 688 3745 785 3810; x_wconf 88' lang='lat' dir='ltr'><strong>altero</strong></span> <span class='ocrx_word' id='word_1_245' title='bbox 801 3746 931 3824; x_wconf 86' lang='lat' dir='ltr'><strong>dicente,</strong></span> <span class='ocrx_word' id='word_1_246' title='bbox 947 3746 999 3808; x_wconf 85' lang='lat' dir='ltr'><strong>ad-</strong></span> <span class='ocrx_word' id='word_1_247' title='bbox 1027 3743 1068 3809; x_wconf 91' lang='lat'><strong>10</strong></span> 
     </span>
    </p>
   </div>
   <div class='ocr_carea' id='block_1_7' title="bbox 0 0 1370 4460">
    <p class='ocr_par' dir='ltr' id='par_1_11' title="bbox 0 0 1370 4460">
     <span class='ocr_line' id='line_1_35' title="bbox 0 0 1370 4460; baseline 0 3"><span class='ocrx_word' id='word_1_248' title='bbox 0 0 1370 4460; x_wconf 95' lang='lat' dir='ltr'><strong> </strong></span> 
     </span>
    </p>
   </div>
  </div>
 </body>
</html>
