2720 4482
296 363 361 431 134
692 361 875 426 ATTIOUS.

295 536 369 598 tiam
378 533 543 597 affectabat.
567 532 846 616 Supellexmodica,
858 533 1032 608 nonmulta,
1044 532 1121 592 utin
1131 535 1272 596 neutram
1343 601 1344 620 ,

294 624 413 703 partem
428 620 560 701 conspici
574 624 685 701 posset.
729 620 794 680 Nec
809 619 988 699 praeteribo,
1003 637 1187 698 quamquam
1200 639 1273 682 non·
1343 631 1344 634 ’

296 707 390 768 nullis
404 706 473 768 leve
496 706 597 766 visum
616 706 654 766 iri
674 709 792 786 putem:
814 723 883 764 cum
903 705 934 764 in
954 703 1178 783 primis'lautus
1193 711 1275 768 esset

297 812 390 872 eques
411 791 565 853 Romanus
589 794 620 852 et
640 809 700 852 non
722 810 830 872 parum
851 790 1018 850 liberaliter
1040 790 1165 850 domum
1186 809 1274 852 suam

251 875 276 940 5
297 877 431 940 omnium
446 877 585 938 ordinum
599 877 735 937 homines
750 877 907 951 invitaret,
931 874 1046 936 seilicet
1067 893 1128 936 non
1143 877 1275 956 amplius

297 983 387 1042 quam
403 966 490 1023 terna
510 962 595 1023 milia
610 961 719 1041 [aeris]
737 979 885 1042 peraeque
899 961 931 1021 in
946 961 1082 1040 singulos
1097 981 1221 1022 menses
1235 983 1275 1023 ex

296 1048 490 1129 ephemeride
505 1067 574 1109 eum
589 1067 757 1127 expensum
772 1047 906 1126 sumptui
920 1048 1000 1106 11111
1014 1047 1145 1110 solitum.
1170 1047 1275 1127 Atque
1341 1073 1345 1114 ἡ

296 1134 353 1194 hoc
366 1153 426 1195 non
441 1133 578 1194 auditum
592 1134 647 1193 sed
662 1134 817 1211 cognitum
838 1133 1061 1212 praedicamus:
1083 1151 1177 1213 saepe
1192 1135 1274 1194 enim

297 1225 420 1300 propter
434 1219 672 1280 familiaritatem
686 1219 859 1280 domesticis
872 1219 962 1278 rebus
977 1217 1179 1278 interfuimus.

233 1301 276 1364 10
288 1304 367 1366 xiv
381 1305 477 1366 Nemo
499 1305 531 1364 in
552 1305 693 1366 convivio
716 1305 781 1365 eius
796 1303 878 1364 aliud
894 1321 1033 1364 acroama
1048 1301 1168 1364 audivit
1183 1321 1273 1384 quam

297 1397 498 1468 anagnosten:
513 1390 591 1469 quod
606 1410 661 1452 nos
677 1391 797 1469 quidem
812 1388 1062 1449 iucundissimum
1073 1389 1273 1450 arbitramur:

297 1495 395 1554 neque
415 1494 558 1554 umquam
579 1475 644 1536 sine
666 1476 769 1555 aliqua
789 1475 918 1536 lectione
933 1474 1013 1554 apud
1028 1493 1097 1534 eum
1112 1479 1272 1535 coenatum
1345 1505 1346 1508 ¹

298 1564 359 1635 est,
384 1565 418 1620 ut
438 1580 498 1621 non
520 1561 619 1620 minus
639 1560 740 1622 animo
755 1577 843 1639 quam
858 1563 965 1620 ventre
979 1561 1126 1620 convivae
1141 1561 1273 1621 delecta—

297 1649 410 1706 rentur.
454 1645 593 1724 Namque
608 1666 659 1706 eos
674 1646 814 1720 vocabat,
837 1653 964 1724 quorum
986 1663 1085 1706 mores
1100 1664 1119 1705 a
1134 1647 1199 1706 suis
1213 1665 1272 1706 non

233 1727 276 1791 15
298 1732 502 1792 abhorrerent.
549 1729 625 1792 Cum
651 1735 735 1793 tanta
760 1731 904 1812 pecuniae
929 1733 1009 1792 facta
1029 1733 1109 1791 esset
1130 1732 1271 1806 accessio,

297 1817 373 1877 nihil
388 1817 426 1878 de
441 1816 613 1896 quotidiano
628 1818 713 1878 cultu
726 1817 864 1892 mutavit,
880 1817 955 1877 nihil
968 1817 1099 1878 devitas
1113 1821 1274 1877 consuetu-

296 1902 376 1978 dine,
391 1905 534 1982 tantaque
548 1923 620 1962 usus
636 1906 683 1963 est
696 1902 910 1976 moderatione,
926 1907 960 1962 ut
974 1921 1071 1981 neque
1085 1903 1117 1962 in
1132 1903 1275 1964 sestertio
1346 1945 1347 1948 ¹

296 1990 401 2063 vicies,
417 1990 496 2068 qnod
511 2009 530 2049 a
544 1995 630 2068 patre
645 1993 809 2068 acceperat,
827 2007 933 2067 parum
948 2007 981 2047 se
995 1987 1155 2067 splendide
1170 2007 1274 2066 gesse-

296 2077 337 2135 rit
357 2095 453 2153 neque
474 2076 506 2134 in
528 2075 668 2134 sestertio
695 2073 808 2134 centies
834 2073 1005 2133 affluentius
1029 2073 1155 2147 vixerit,
1185 2093 1275 2152 quam

229 2153 275 2219 20
297 2160 483 2234 instituerat,
506 2159 630 2240 parique
651 2160 772 2239 fastigio
795 2159 915 2218 steterit
937 2159 968 2218 in
989 2160 1117 2238 utraque
1143 2159 1273 2220 fortuna.

296 2246 405 2306 Nullos
419 2245 525 2306 habuit
539 2245 650 2320 hortos,
666 2245 780 2306 nullam
796 2245 999 2304 suburbanam
1020 2246 1073 2304 aut
1087 2244 1272 2306 maritimam

296 2334 503 2410 sumptuosam
518 2331 634 2406 villam,
649 2349 746 2409 neque
761 2331 793 2390 in
807 2329 899 2391 Italia
913 2331 1033 2409 praeter
1047 2328 1229 2390 Arretinum
1242 2333 1273 2389 11
1347 2399 1348 2412 ¹

296 2415 520 2476 Nomentanum
530 2416 677 2476 rusticum
692 2415 857 2495 praedium,
874 2413 1032 2492 omnisque
1046 2415 1111 2474 eius
1126 2415 1272 2494 pecuniae

297 2499 413 2560 reditus
428 2499 585 2562 constabat
605 2500 637 2559 in
651 2499 814 2578 Epiroticis
836 2502 867 2558 et
881 2500 1006 2560 urbanis
1020 2501 1269 2579 possessionibus.

233 2577 427 2664 2611111111
459 2585 599 2664 cognosci
622 2589 722 2664 potest
748 2604 836 2646 usum
858 2603 929 2644 eum
950 2585 1097 2665 pecuniae
1122 2605 1183 2647 non
1209 2586 1272 2647 eius

211 2751 277 2816 xv
298 2672 832 2836 magnilliliiidlltllltiili
846 2670 1022 2836 1111111
1038 2757 1166 2836 aaa
1210 2757 1272 2817 m

299 2863 358 2922 que
373 2845 436 2903 eius
450 2843 575 2903 comitas
595 2863 655 2904 non
677 2841 742 2902 sine
765 2842 929 2904 severitate
943 2845 1010 2903 erat
1024 2861 1122 2920 neque
1136 2841 1273 2921 gravitas

298 2929 364 2990 sine
374 2928 530 3002 facilitate,
542 2933 576 2989 11
586 2928 710 2989 difficile
720 2932 801 2989 esset
810 2927 975 3002 intellectu,
989 2931 1091 2988 utrum
1102 2947 1173 2988 eum
1185 2926 1274 2988 amici

233 3005 279 3076 30
300 3015 399 3092 magis
413 3016 591 3075 vererentur
604 3031 645 3074 11
663 3017 815 3075 amarent:
844 3011 1002 3092 Quidquid
1016 3013 1190 3092 rogabatur,
1205 3013 1276 3073 reli·

299 3101 385 3177 giose
399 3099 602 3179 promittebat,
618 3099 699 3178 qued
713 3118 772 3160 non
785 3098 930 3174 liberalis,
947 3098 1001 3160 sed
1015 3099 1093 3159 levis
1107 3098 1273 3160 arbitraba·
1347 3169 1348 3176 ἵ

299 3187 349 3245 tur
363 3183 501 3264 polliceri
515 3185 594 3264 quod
609 3186 762 3262 praestare
776 3204 836 3245 non
850 3186 960 3263 posset.
990 3184 1078 3246 Idem
1099 3183 1131 3244 in
1149 3181 1272 3258 tuendo,

299 3270 381 3348 quod
396 3269 490 3329 semel
501 3269 674 3343 annuisset,
691 3265 952 3344 1111111111111
969 3272 1077 3331 utnon
1092 3271 1275 3344 mandatam,

297 3355 355 3416 sed
369 3374 455 3418 scam
469 3373 534 3416 rem
548 3353 704 3416 videretur
718 3371 818 3432 agere.
847 3353 1022 3434 Numquam
1037 3355 1170 3435 suscepti
1181 3373 1277 3434 nego-

233 3431 280 3500 36
298 3441 337 3502 tii
351 3461 420 3502 sum
434 3445 606 3522 pertaesum
619 3443 677 3505 est.
721 3438 813 3502 Suam
824 3441 908 3501 enim
923 3439 1179 3503 existimationem
1193 3440 1225 3500 in
1236 3458 1278 3502 ea

298 3545 334 3588 re
349 3527 400 3605 agi
413 3526 547 3608 putabat.
580 3524 652 3596 Qua
665 3525 742 3587 nihil
757 3525 887 3586 habebat
901 3525 1007 3587 carius.
1036 3525 1227 3600 Ι1111111111,
1242 3528 1279 3588 ut

298 3609 609 3688 11111101111111111,
633 3609 770 3686 (latoris,
798 3611 835 3681 Q.
852 3608 1018 3687 Hortensii,
1032 3609 1278 3689 111111111111,

299 3697 464 3758 multorum
484 3700 643 3779 praeterea
662 3697 799 3776 equitnm
813 3695 1018 3760 Romanorum
1031 3696 1156 3775 negotia
1167 3713 1280 3776 procu-
