2720 4482
716 240 734 274 S

288 319 330 384 86
624 319 711 382 XVI.
735 316 933 382 PHOCION.

604 644 715 726 xvi.
742 641 953 727 Phocion.

250 838 268 898 Ι
292 818 435 895 Pnocros
451 835 509 894 etsi
523 853 613 914 saepe
629 833 815 895 exercitibus
826 833 959 915 praefuit
969 851 1161 912 summosque
1173 832 1278 911 magi-

289 925 402 981 stratus
417 921 507 1000 cepit,
523 923 624 980 tamen
639 921 734 982 multo
750 920 849 981 notior
862 922 910 979 est
924 919 989 980 eius
1004 918 1165 998 integritas
1176 919 1276 1004 ritae,
1349 933 1350 944 ³

290 1025 380 1084 quam
404 1007 450 1066 rei
474 1004 615 1066 militaris
640 1006 734 1067 labor.
785 1005 893 1084 Itaque
918 1005 1000 1085 apud
1024 1005 1154 1084 vulgum
1179 1003 1276 1064 huius

289 1091 437 1152 memoria
451 1095 499 1152 est
513 1092 577 1152 fere
591 1092 684 1168 nulla,
699 1091 784 1152 illius
798 1095 900 1151 autem
915 1109 1028 1169 magna
1041 1091 1137 1164 fama,
1153 1109 1194 1149 ex
1210 1109 1274 1168 quc

243 1176 267 1240 5
290 1177 468 1258 cognomine
483 1176 612 1239 Bonus
633 1184 680 1238 est
702 1177 880 1258 appellatus.
926 1176 999 1237 Fuit
1020 1177 1103 1236 enim
1121 1180 1275 1256 perpetuo

289 1282 419 1344 pauper,
443 1281 512 1324 oum
535 1263 736 1324 divitissimus
759 1282 826 1340 esse
838 1266 943 1342 posset
957 1265 1080 1343 propter
1095 1262 1274 1341 frequentes
1350 1273 1351 1310 f

290 1350 407 1411 delatos
422 1349 550 1411 honores
566 1353 792 1430 potestatesque
806 1367 953 1423 summas,
978 1367 1055 1427 quae
1075 1348 1104 1407 ei
1123 1367 1142 1408 a
1156 1347 1273 1427 populo

290 1435 447 1496 dabantur.
494 1431 571 1494 Cum
587 1436 749 1513 aliquando
764 1433 956 1510 Alexander,
977 1432 1180 1494 Macedonum
1202 1451 1271 1507 rex,

290 1525 411 1580 centurn
425 1519 541 1579 talenta
557 1520 585 1580 ei
600 1521 741 1594 misisset,
758 1541 797 1581 ex
812 1521 850 1580 iis
865 1520 916 1599 qui
932 1519 1096 1580 afferebant
1107 1518 1272 1597 quaesivit,

227 1604 269 1669 10
291 1623 344 1665 our
355 1605 486 1679 tandem,
499 1625 567 1665 eum
578 1606 667 1666 multi
676 1605 879 1666 Athenienses
890 1609 999 1679 essent,
1012 1606 1070 1665 sibi
1082 1605 1140 1665 soli
1150 1608 1273 1664 tantum

290 1691 437 1770 pecuniae
465 1710 522 1750 rex
551 1692 645 1752 daret.
688 1693 757 1752 Illis
786 1692 1037 1771 respondentibus
1065 1689 1206 1765 „Quod
1237 1697 1273 1749 te

292 1777 414 1838 solum
443 1777 570 1838 virum
601 1777 738 1838 bonum
773 1778 1054 1856 honestumque
1082 1775 1273 1850 iudicat“,

292 1861 412 1942 Ergo,
436 1863 549 1942 inquit,
577 1883 633 1923 me
659 1863 760 1924 sinat
782 1864 898 1923 talem
921 1867 956 1922 et
976 1861 1272 1922 viderietesse.

291 1948 378 2009 Idem
404 1969 472 2011 cum
492 1949 662 2029 Menyllus,
688 1969 776 2028 quem
798 1949 959 2028 Antipater
980 1947 1166 2027 Munychiae
1186 1965 1274 2026 prae·
1352 1959 1353 1972 ¹

228 2031 270 2096 15
291 2035 414 2112 fecerat,
429 2036 458 2095 ei
473 2038 632 2114 pecuniam
644 2034 772 2112 offerret,
788 2035 969 2114 repudiavit,
986 2039 1016 2094 et
1031 2053 1099 2093 cum
1114 2034 1272 2094 hortaren-

292 2131 350 2195 tur,
366 2125 400 2182 ut
415 2122 566 2200 acciperet
581 2121 730 2200 simulque
745 2121 955 2195 admonerent,
971 2121 997 2179 si
1010 2120 1076 2200 ipse
1091 2137 1128 2179 ea
1143 2118 1275 2198 pecunia

292 2207 382 2267 facile
397 2210 521 2280 careret,
538 2207 600 2268 filio
615 2213 717 2266 tamen
732 2207 831 2268 Phoco
847 2207 1047 2287 prospiceret,
1072 2205 1121 2265 cui
1145 2204 1274 2264 difficile

293 2295 373 2353 esset
385 2294 416 2354 iu
431 2312 548 2352 summa
559 2295 737 2372 paupertate
748 2294 865 2353 tantam
873 2295 1031 2371 paternam
1041 2290 1121 2352 tueri
1130 2291 1274 2370 gloriam,
1353 2351 1354 2374 ,

293 2377 363 2436 huic
384 2378 436 2437 ille
461 2376 560 2438 Siad
586 2378 787 2439 sanitatem
811 2377 1039 2451 reverterit,
1067 2377 1167 2452 idem
1193 2376 1272 2451 hic,

227 2459 272 2523 20
294 2462 405 2540 inquit,
431 2461 590 2540 agellus
612 2482 694 2523 eum
710 2464 801 2538 alet,
825 2464 959 2542 quime
975 2463 1126 2524 adhano
1142 2462 1273 2542 dig'ni-

253 2605 255 2610 ,
294 2551 413 2608 tatem
439 2547 638 2628 perduxit;
665 2548 793 2626 qualis
814 2548 925 2608 filius
948 2567 1049 2609 meus
1076 2567 1172 2608 nunc
1197 2559 1272 2622 est,

294 2633 392 2693 nihil
419 2635 453 2694 ei
479 2633 635 2693 sufficit.
688 2633 763 2695 Erat
787 2634 868 2694 euim
893 2633 1011 2694 Phocus
1038 2634 1216 2694 luxuriosus
1244 2643 1276 2694 et

294 2719 484 2782 libidinosus,

236 2805 272 2866 Π
378 2805 466 2867 Idem
493 2826 561 2866 cum
587 2809 626 2868 ad
651 2826 763 2868 annum
779 2805 998 2884 octogesimum
1024 2823 1171 2884 prospera
1204 2823 1274 2884 per-

228 2888 272 2952 25
295 2893 430 2954 venisset
444 2894 573 2969 fortuna,
588 2893 733 2953 extremis
749 2892 935 2971 temporibus
949 2910 1096 2969 magnum
1116 2890 1148 2950 in
1169 2890 1275 2953 odium

293 2981 420 3038 vocatus
435 2982 483 3039 est
497 2979 610 3039 civium
624 2998 755 3038 suorum.
800 2977 887 3038 Bello
910 2977 990 3056 quod
1004 2975 1185 3036 Lamiarum
1199 2976 1275 3036 dici-

295 3067 344 3122 tur
370 3064 505 3124 confecto
525 3063 726 3123 Athenienses
753 3063 848 3124 coacti
871 3063 994 3123 suntab
1010 3061 1172 3141 Antipatro
1188 3081 1277 3141 prae-

294 3148 406 3208 sidium
420 3149 620 3208 Macedonum
631 3147 769 3229 Menyllo
781 3147 901 3207 ducein
912 3147 1111 3228 Munychiam
1125 3148 1276 3227 recipere,

255 3223 260 3236 ’
294 3233 420 3312 imperio
446 3232 584 3314 populari
610 3233 729 3294 sublato
752 3232 947 3313 optimatibus
969 3233 1154 3314 reipublicae
1170 3253 1279 3294 curam

228 3314 274 3378 30
296 3318 496 3393 committere,
530 3318 763 3379 Demosthenem
788 3318 925 3397 aliosque
945 3319 1086 3390 homines
1111 3318 1281 3399 populares

296 3405 424 3466 tradere.
453 3403 515 3474 Qui
539 3422 607 3464 cum
631 3424 672 3464 ex
687 3405 762 3465 urbe
775 3404 938 3484 fugissent,
960 3405 1096 3466 Demade
1111 3408 1243 3482 rogante
1259 3424 1280 3466 a

295 3492 406 3570 populo
422 3490 529 3570 capitis
545 3490 680 3551 damnati
695 3492 773 3549 sunt.
796 3488 1040 3552 ADemosthenc
1055 3510 1127 3552 vero
1139 3489 1280 3552 Phocion

295 3595 350 3653 per
375 3578 468 3637 totam
494 3574 590 3636 vitam
614 3576 646 3635 in
671 3575 827 3655 republica
851 3577 1050 3654 gubernanda
1080 3576 1279 3650 dissenserat,

295 3661 380 3720 cuius
396 3661 521 3723 consilia
536 3661 686 3722 libertatis
700 3659 846 3723 Graeciae
861 3673 891 3722 et
905 3661 1111 3723 restituendae
1126 3665 1157 3722 et
1172 3663 1283 3724 deien-
