2720 4482
315 329 379 395 130
710 329 895 394 ATTIOUS.

313 505 397 584 cipes
411 504 477 564 eius
492 504 607 566 ordinis
617 503 761 584 pecunias
772 503 980 568 contulissent.
1000 504 1110 584 Itaque
1121 505 1289 586 appellatus

313 595 361 652 est
374 609 393 651 a
408 587 444 652 G.
461 589 579 666 Flavio,
594 588 683 650 Bruti
698 587 850 664 familiari,
865 587 1001 665 Atticus,
1024 593 1059 649 ut
1072 591 1137 652 eins
1151 592 1198 651 rei
1212 593 1288 672 prin-

314 695 386 756 ceps
400 695 468 738 esse
482 675 584 736 vellet
608 674 652 736 At
665 675 727 749 ille,
743 675 796 753 qui
806 674 905 736 611616
914 674 1019 736 amicis
1031 677 1218 754 praestanda
1226 678 1288 738 sinc

313 762 445 824 factione
465 761 655 824 existimaret
674 779 853 840 semperque
872 779 892 821 a
912 761 1025 823 talibus
1047 780 1081 822 se
1095 763 1232 823 consiliis
1245 784 1288 823 re·

270 847 293 912 5
314 847 474 923 movisset,
495 847 659 926 respondit,
686 845 713 906 si
734 845 807 924 quid
822 844 936 908 Brutus
956 846 995 906 de
1016 846 1081 906 suis
1095 847 1290 910 facultatibus

313 933 360 994 uti
374 933 530 1008 voluisset,
546 952 673 994 usurum
688 933 835 1010 quantum
849 951 902 992 eae
917 934 1109 1012 paterentur:
1126 934 1184 994 sed
1196 953 1290 1013 neque

314 1037 383 1080 cum
398 1037 548 1098 quoquam
569 1037 609 1078 se
633 1018 672 1078 de
686 1036 722 1078 ea
736 1037 770 1077 re
785 1017 1004 1078 collocuturum
1018 1037 1116 1098 neque
1132 1019 1290 1081 coiturum.

313 1102 364 1166 Sic
378 1104 432 1164 1116
447 1102 651 1165 consensionis
666 1103 775 1180 globus
790 1103 880 1163 buius
895 1103 983 1164 unius
999 1103 1190 1165 dissensione
1204 1106 1295 1166 disie-

314 1194 380 1252 ctus
395 1191 450 1250 est.
479 1189 585 1269 Neque
596 1189 691 1250 multo
703 1191 771 1269 post
783 1189 919 1268 superior
934 1207 1002 1250 esse
1017 1190 1117 1270 coepit
1131 1189 1293 1266 Antonius,

251 1274 293 1340 10
312 1277 357 1338 ita
370 1279 405 1336 ut
414 1275 528 1336 Brutus
543 1278 574 1336 et
585 1271 709 1336 Cassius
720 1274 953 1354 provinciarum,
970 1294 1046 1354 quae
1057 1275 1101 1336 eis
1114 1277 1192 1338 dicis
1203 1295 1292 1337 causa

314 1363 404 1423 datae
418 1364 506 1423 eraut
520 1361 680 1435 acousule,
696 1359 841 1420 destituta
853 1360 1115 1422 administratione
1123 1361 1292 1442 desperatis

200 1511 201 1515 ,
313 1448 405 1508 rebus
419 1447 451 1508 in
466 1447 593 1508 exilium
608 1446 878 1544 proficiscerentur
918 1444 1048 1520 Atticus,
1065 1448 1116 1526 qui
1131 1448 1291 1545 pecuniam

313 1533 404 1592 simul
430 1551 498 1592 cum
525 1533 633 1592 ceteris
660 1531 796 1592 66116116
822 1531 960 1592 uoluerat
984 1531 1104 1592 florenti
1127 1533 1175 1593 illi
1201 1533 1291 1612 parti,

313 1618 411 1678 6111661
413 1637 429 1678 6
399 1616 540 1678 tBruto
556 1616 586 1676 It
573 1617 706 1694 taliaque
728 1614 914 1676 661161111Ηὸ
936 1619 1056 1677 eentum
1070 1618 1156 1678 milia
1171 1619 1290 1678 muneri

249 1699 291 1764 15
313 1703 408 1764 misit:
384 1702 546 1762 teidem
537 1722 568 1762 111
583 1700 677 1782 Epiro
693 1701 830 1761 absenst
817 1705 933 1762 ttrecen
934 1722 952 1764 6
966 1702 1041 1762 iussi
1042 1703 1145 1764 tdari.
1183 1703 1292 1784 Neque

312 1807 347 1849 eo
370 1788 469 1866 magis
490 1791 542 1868 pot
543 1789 606 1848 enti
582 1787 729 1848 tadulat
717 1792 766 1847 tus
787 1791 833 1848 est
821 1785 979 1848 tAntonio
1000 1807 1098 1867 neque
1113 1789 1258 1869 desperat
1259 1809 1292 1850 os

311 1873 442 1952 reliquit.

240 1959 292 2021 IX
399 1957 541 2020 Secutum
557 1969 603 2020 est
616 1958 730 2019 bellum
747 1961 867 2036 gestum
883 1958 963 2038 apud
978 1956 1137 2019 Mutinam.
1176 1960 1214 2019 In
1231 1980 1292 2038 quo

311 2045 338 2105 si
359 2048 479 2106 tantum
499 2065 568 2105 eum
590 2046 771 2124 prudentem
793 2044 904 2118 dicam,
928 2044 1028 2104 minus
1050 2064 1140 2124 quam
1160 2045 1292 2106 debeam

247 2125 290 2194 20
311 2131 492 2212 praedicem,
509 2149 576 2190 eum
591 2131 644 2190 1116
658 2129 759 2210 potius
774 2129 896 2190 divinus
910 2129 1015 2204 fuerit,
1032 2130 1059 2192 si
1073 2131 1221 2192 diuinatio
1238 2151 1292 2212 ap-

310 2217 454 2296 pellanda
469 2220 516 2276 est
530 2221 677 2296 perpetua
690 2215 837 2276 1161616116
852 2214 985 2289 bonitas,
1008 2234 1084 2295 quae
1103 2217 1198 2276 nullis
1213 2219 1292 2276 casi-

310 2303 367 2362 bus
383 2303 517 2380 agitatur
531 2322 627 2380 neque
642 2301 795 2362 minuitur.
816 2349 817 2352 ¹
839 2299 945 2361 Hostis
966 2299 1118 2372 Antonius
1138 2302 1291 2364 iudicatus

309 2387 402 2446 ltalia
413 2390 559 2449 cesserat:
575 2407 644 2468 spes
656 2387 833 2448 restituendi
845 2387 930 2447 nulla
941 2390 1014 2446 erat.
1037 2385 1066 2447 N
1069 2406 1106 2448 on
1118 2388 1217 2447 solum
1231 2388 1289 2448 ini·

309 2471 389 2544 mici,
405 2471 457 2550 qui
472 2475 536 2530 tum
551 2479 638 2532 erant
651 2473 854 2551 potentissimi
869 2476 898 2532 61
910 2471 1042 2552 plurimi,
1059 2473 1113 2532 sed
1128 2473 1221 2534 etiam
1237 2474 1288 2552 qui

245 2553 287 2618 25
309 2556 494 2617 adversariis
509 2556 574 2615 eius
589 2576 622 2616 se
637 2557 749 2618 dabant
765 2562 795 2616 et
809 2558 840 2616 in
855 2576 890 2616 eo
906 2558 1052 2620 laedendo
1069 2558 1203 2637 aliquam
1219 2577 1287 2619 con·

310 2643 467 2703 secuturos
483 2643 646 2723 sperabant
660 2642 911 2719 commoditatem,
927 2643 1052 2704 Antonii
1067 2644 1228 2706 familiaris
1243 2645 1287 2704 in-

310 2729 526 2808 sequebantur,
552 2748 679 2790 uxorem
707 2729 849 2790 Fulviam
874 2730 1011 2789 omnibus
1036 2730 1127 2790 rebus
1154 2730 1286 2810 spoliare

309 2815 478 2896 cupiebant,
488 2815 600 2877 liberos
612 2815 895 2895 etiam‘extinguere
906 2816 1060 2895 parabant.
1084 2814 1208 2876 Atticus
1219 2835 1286 2874 cum

309 2897 464 2962 Ciceronis
479 2901 586 2962 intima
600 2901 806 2961 familiaritate
821 2904 964 2974 uteretur,
988 2900 1191 2961 amicissimus
1206 2905 1287 2961 esset

244 2982 287 3046 30
307 2985 416 3061 Bruto,
439 3007 498 3046 non
517 2987 605 3047 modo
626 2987 702 3046 nihil
722 2987 770 3046 his
791 2987 918 3046 indulsit
934 2986 973 3046 ad
988 2985 1154 3047 Antonium
1169 2987 1286 3048 violan-

308 3072 394 3146 dum,
417 3072 471 3132 sed
486 3091 503 3131 6
518 3073 665 3132 contrario
681 3072 838 3132 familiaris
854 3072 918 3131 eius
933 3092 973 3132 ex
989 3072 1063 3132 urbe
1077 3072 1285 3150 profugientes

309 3160 402 3234 quant
403 3176 454 3215 um
473 3163 526 3235 pot
526 3158 572 3216 uit
590 3158 670 3216 texit
676 3157 817 3235 ,quibus
838 3157 928 3217 rebus
944 3158 1141 3236 indiguerunt
1128 3157 1283 3218 tadiuvit.

307 3241 341 3301 P.
359 3204 947 3320 16161611111666111111611,11111116
963 3263 981 3304 a
995 3247 1102 3323 parent
1103 3264 1119 3303 e
1133 3242 1286 3323 proficisci

306 3346 367 3388 non
382 3325 542 3407 potuerint.
574 3325 640 3405 ipsi
655 3332 707 3386 aut
709 3347 756 3388 em
772 3327 908 3403 Fuluiae,
924 3335 1043 3390 cumt
1007 3329 1043 3390 lit
1044 3330 1110 3389 ibus
1127 3328 1287 3389 distinere

236 3407 285 3474 ,³5
307 3414 357 3473 tur
371 3413 548 3492 magnisque
565 3413 729 3473 terroribus
745 3420 872 3474 16116161
873 3435 922 3489 ur,
944 3417 1028 3476 1611116
1044 3415 1183 3494 diligent
1162 3414 1286 3475 16111-16

308 3499 389 3559 cium
403 3519 491 3559 suum
505 3499 668 3580 praestitit,
690 3500 724 3559 ut
738 3500 854 3560 nullum
870 3499 924 3561 illa
938 3501 1051 3561 stiterit
1064 3501 1287 3576 uadimonium,

308 3585 381 3664 quin
394 3583 515 3646 Atticus
531 3605 656 3665 sponsor
676 3587 808 3647 omnium
823 3607 924 3646 rerum
939 3587 1037 3647 fuerit.
1083 3585 1166 3654 Quin
1181 3586 1284 3660 etiam,

308 3689 377 3730 cum
400 3671 456 3732 illa
473 3671 600 3733 fundum
620 3671 762 3750 secunda¹
772 3673 892 3735 fortuna
906 3672 1030 3734 emisset
1043 3672 1075 3734 in
1090 3672 1171 3734 diem
1185 3691 1287 3753 neque
