2748 4486
307 356 348 421 16
595 357 639 420 Π.
663 353 990 421 THEbssSTOGLES.

306 530 441 592 hostibus
463 529 539 591 adeo
560 533 690 610 angusto
711 527 789 590 mari
810 527 959 603 conflixit,
982 531 1017 589 ut
1038 527 1105 590 eius
1118 527 1299 590 multitudo

305 616 431 678 navium
445 615 593 698 explicari
607 635 667 678 non
677 619 790 696 posset.
812 613 919 674 Victus
930 617 978 676 est
992 632 1065 693 ergo
1077 613 1178 694 magis
1194 615 1299 676 etiam

305 702 431 764 consilio
447 701 667 775 Themistoclis,
683 719 775 781 quam
789 699 882 760 armis
896 695 1053 762 Graeciae.

244 783 292 846 VI
391 786 453 848 Hic
473 787 531 848 etsi
552 805 617 848 rem
635 786 717 848 mala
736 788 888 866 gesserat,
912 789 1014 848 tamn
1035 788 1136 846 tantas
1151 785 1298 848 habebat

263 867 285 931 5
306 872 450 953 reliquias
477 873 647 953 copiarum,
674 874 709 932 ut
731 871 889 932 etiamtum
914 871 963 932 his
988 871 1161 954 opprimere
1182 877 1300 952 posset

306 959 418 1020 hostes.
461 955 522 1018 Sed
545 957 663 1020 veritus
682 977 723 1020 nc
734 953 847 1020 Graeci
864 957 905 1018 ad
919 961 1042 1037 pontem
1056 957 1244 1018 solvendum
1260 959 1299 1018 in

307 1043 541 1125 Hellespontum
555 1043 745 1123 navigarent,
760 1043 799 1104 de
811 1043 887 1121 fuga
897 1043 1059 1123 cogitabat.
1093 1039 1173 1104 Cum
1182 1047 1298 1105 autem

307 1150 376 1192 eum
391 1131 530 1192 timorem
545 1128 649 1208 detegi
663 1129 773 1205 nollet,
796 1127 953 1190 simulavit
966 1147 1001 1190 sa
1014 1127 1128 1190 bellum
1142 1147 1298 1208 persecu-

307 1220 412 1277 turum
425 1233 500 1276 esse.
545 1214 623 1276 Tum
636 1213 821 1289 Mardonius,
837 1213 889 1294 qui
902 1213 1060 1292 ingenium
1073 1214 1157 1294 regis
1171 1217 1297 1294 nosset,

245 1295 286 1359 10
308 1301 478 1382 suspicatus
493 1321 562 1363 eum
576 1301 682 1380 fugam
697 1300 824 1380 agitare,
844 1317 900 1379 pro
915 1299 1029 1380 seipso
1044 1298 1196 1361 sollicitus
1212 1305 1296 1378 erat,

307 1407 345 1449 ne
365 1406 478 1468 poenas
496 1387 592 1464 daret,
612 1387 664 1467 qui
678 1406 785 1464 regem
803 1385 842 1446 ad
862 1384 976 1446 bellum
991 1381 1140 1447 Graeciae
1154 1385 1296 1448 inferen-

308 1475 381 1534 dum
395 1473 620 1546 commovissat;
641 1471 731 1532 simul
746 1475 848 1536 autem
862 1490 986 1551 sperans
997 1491 1031 1532 se
1042 1467 1207 1533 Graeciam
1220 1473 1296 1534 sub-

308 1562 445 1620 acturum
460 1577 536 1632 esse,
559 1577 664 1638 regem
679 1557 867 1637 aggreditur,
888 1556 976 1636 eique
994 1557 1173 1637 persuadet,
1196 1563 1235 1619 ut
1257 1579 1295 1620 sc

309 1663 379 1704 cum
401 1645 546 1704 trecentis
569 1644 692 1704 milibus
714 1643 847 1704 militum
867 1643 1066 1723 relinqueret,
1095 1642 1163 1722 ipse
1184 1648 1294 1706 autem

246 1721 287 1786 15
309 1749 379 1790 cum
406 1729 523 1809 reliquo
547 1729 684 1790 exercitu
710 1729 742 1790 in
758 1727 871 1789 'Asiam
898 1728 1020 1791 rediret.
1066 1727 1295 1792 Themistocles

309 1812 443 1877 Graecos
457 1815 573 1876 hortari
588 1815 712 1892 studuit,
734 1819 769 1876 ut
783 1816 906 1895 pontem
917 1815 949 1876 in
959 1813 1160 1894 Hellesponto
1173 1815 1293 1876 factum

308 1901 525 1979 rescinderent,
542 1921 600 1980 quc
614 1919 672 1961 rex
686 1901 812 1981 periret;
835 1899 906 1961 huic
926 1903 1029 1960 tamen
1044 1900 1171 1963 consilio
1187 1899 1292 1982 Eury-

308 1987 415 2048 biades
445 2007 513 2049 cum
542 1987 652 2048 ceteris
685 1985 915 2068 Peloponnesiis
945 1985 1077 2062 obstitit,
1107 1986 1220 2048 timens
1250 2007 1291 2050 ne

309 2072 434 2134 Xerxes
449 2074 610 2154 desperata
624 2073 723 2134 salute
737 2073 845 2133 ultima
858 2071 994 2152 experiri
1005 2074 1171 2150 cogeretur.
1206 2071 1285 2131 Tum

245 2149 288 2214 20
310 2159 529 2220 Themistocles
540 2156 752 2234 Athenienses,
772 2158 824 2237 qui
839 2157 878 2218 ad
892 2157 1054 2219 consilium
1072 2157 1164 2237 ipsius
1179 2173 1280 2216 acces·

309 2248 420 2319 serant,
440 2244 568 2304 retinuit
579 2263 617 2304 ne
631 2244 663 2304 id
677 2244 821 2318 lacerent,
842 2242 910 2323 regi
923 2245 1026 2304 autem
1039 2241 1169 2306 nuntiari
1181 2240 1284 2316 iussit,

168 2363 171 2372 ,
226 2321 437 2391 VHIGraccis
451 2328 484 2390 in
498 2329 597 2390 animo
612 2329 707 2388 fuisse
721 2332 843 2408 pontem
858 2328 1040 2403 dissolvere,
1065 2328 1121 2389 sed
1141 2347 1192 2389 eos
1211 2346 1231 2388 a
1251 2345 1287 2388 se

308 2414 477 2495 prohibitos
493 2433 568 2474 esse.
613 2413 681 2478 Hoc
695 2413 870 2476 Herodotus
886 2415 929 2474 ait
944 2433 1014 2475 eum
1037 2413 1162 2489 fecisse,
1186 2417 1236 2488 ut,
1259 2415 1288 2474 si

309 2499 428 2579 quando
439 2500 498 2560 sibi
508 2518 528 2559 a
539 2499 657 2559 civibus
668 2499 731 2558 suis
743 2500 865 2561 adversi
877 2500 950 2580 quid
962 2499 1122 2573 accideret,
1132 2499 1289 2580 refugium

245 2573 290 2639 25¹
309 2585 349 2646 ad
363 2584 494 2664 gratiam
508 2584 592 2664 regis
607 2587 734 2664 pateret.
779 2585 887 2664 Itaque
906 2606 963 2647 rex
981 2605 1041 2664 qua
1060 2589 1190 2664 quatuor
1204 2605 1288 2647 men-

309 2671 394 2731 isbus
408 2671 468 2731 iter
481 2672 604 2745 laceret,
620 2670 726 2732 eadem
740 2671 794 2731 via
813 2671 1013 2752 quadraginta
1032 2671 1166 2751 quinque
1179 2671 1290 2734 diebus

309 2756 342 2816 in
363 2755 471 2816 Asiam
491 2757 620 2817 revertit
641 2776 734 2836 seque
762 2756 998 2818 aThemistccle
1018 2776 1078 2818 non
1098 2762 1289 2837 superatum,

309 2842 365 2904 sed
393 2844 606 2904 conservatum
637 2842 792 2904 iudicavit.
842 2840 893 2904 Sic
920 2842 1010 2902 unius
1040 2841 1101 2902 viri
1125 2843 1291 2922 prudentia

310 2925 439 2990 Graecia
459 2927 589 2990 liberate
609 2927 876 3009 estlluropaeque
899 2929 1059 2989 succubuit
1071 2926 1156 2989 Asia.
1202 2927 1291 2990 Haec

245 3002 288 3069 30
309 3017 357 3075 set
370 3014 467 3076 altera
481 3015 618 3090 uictoria,
639 3033 718 3093 quae
740 3034 809 3075 cum
823 3013 1013 3076 Marathonio
1029 3017 1152 3094 tropaeo
1169 3033 1290 3096 compa-

308 3100 372 3160 rari
386 3101 491 3180 possit.
520 3099 551 3160 N
552 3119 601 3160 cm
614 3100 682 3180 pari
695 3099 784 3160 modo
797 3099 876 3181 apud
889 3097 1043 3162 Salamina
1053 3118 1148 3182 parvo
1159 3119 1290 3162 numero

300 3184 436 3246 navium
467 3185 600 3246 maxima
628 3189 697 3265 post
722 3185 878 3246 hominum
903 3187 1079 3248 memoriam
1106 3185 1215 3248 classis
1241 3197 1292 3248 est

310 3269 440 3331 deuicta.
484 3271 550 3332 Nec
569 3269 667 3330 defuit
686 3270 883 3332 Themistocli
905 3270 1009 3332 debita
1029 3269 1110 3346 laus,
1130 3290 1203 3334 nam
1218 3291 1291 3334 cum

309 3357 526 3438 imperatorum
540 3375 574 3416 se
588 3356 715 3436 quisque
729 3375 846 3418 summo
860 3357 974 3418 honore
985 3356 1113 3436 dignum
1126 3356 1290 3434 iudicaret,

245 3431 288 3497 35
310 3442 476 3503 secundum
497 3435 598 3503 Iocum
623 3441 662 3502 ad
687 3461 781 3502 uuum
808 3461 912 3502 omnes
936 3443 983 3502 illi
1008 3443 1187 3504 tribuerunt.
1245 3443 1293 3504 Et

309 3527 541 3590 Lacedaemonii
557 3526 726 3608 Eurybiadi
741 3527 863 3606 quidem
879 3527 1074 3604 fortitudinis,
1090 3527 1290 3592 Themistocli

309 3632 384 3675 uero
406 3613 525 3675 consilii
549 3613 718 3694 praemium
740 3617 966 3689 concesserunt,
996 3617 1027 3676 et
1054 3633 1122 3676 cum
1146 3612 1289 3695 Spartam

311 3699 458 3776 venisset,
481 3717 572 3760 curru
591 3697 758 3760 bellissimo
778 3717 849 3760 eum
864 3698 1054 3761 donaverunt
1067 3700 1291 3781 abeuntemque
