2720 4482
424 317 534 379 XXII.
557 315 786 380 HANNIBAL.
925 360 937 368 -·
1031 315 1092 381 117

105 488 211 564 venit,
235 507 314 568 quae
327 485 452 550 Italiam
474 489 513 550 ab
535 486 639 552 Gallia
661 488 839 567 seiungunt,
864 508 939 568 quas
961 489 1093 568 antiquis

105 574 299 656 temporibus
312 573 463 636 Hercules
477 571 590 657 Graius
609 575 758 636 transisse
777 573 902 649 dicitur,
926 576 998 653 (quo
1013 575 1093 636 facto

108 677 183 722 eum
214 660 327 722 saltum
358 659 449 720 hodie'
475 657 601 722 Graium
632 659 782 741 appellari
813 659 891 720 falso
917 657 1093 744 perhibent)

106 745 239 827 Alpicos
263 747 405 808 conantes
426 746 586 826 prohibere
607 745 739 808 transitu
760 745 906 822 concidit,
927 745 994 808 loca
1008 748 1093 826 pate-

106 832 193 905 fecit,
208 831 320 891 itinera
334 830 453 908 muniit,
476 829 590 908 effecit,
613 837 648 893 ut
663 849 699 892 ea
714 831 895 911 elephantus
909 835 1033 892 ornatus
1047 833 1093 892 ire
1114 830 1136 896 5

107 919 229 998 posset,
253 918 313 996 qua
334 922 424 978 antea
437 936 516 976 unus
531 917 619 977 homo
634 918 759 978 inermis
773 916 830 977 vix
843 936 950 997 repere
964 920 1090 998 poterat.

106 1003 179 1065 Hac
193 1002 296 1082 copias
310 1002 449 1063 traduxit
463 1001 495 1062 in
510 1003 693 1082 Italiamque
708 1003 856 1083 pervenit.

198 1087 233 1147 P.
264 1084 422 1148 Cornelius
449 1085 563 1168 Scipio,
590 1087 668 1149 alter
693 1089 798 1149 consul
822 1087 994 1164 Romanus,
1023 1107 1092 1148 cum
1113 1085 1161 1150 lv

109 1173 251 1237 exercitu
270 1172 441 1234 Massiliam
458 1173 618 1252 appulerat
632 1177 817 1253 conatusque
836 1177 902 1235 erat
921 1174 1091 1255 prohibere,

109 1259 273 1342 quominus
294 1258 451 1322 Hannibal
472 1257 655 1319 Rhodanum
679 1260 792 1320 flumen
817 1259 975 1334 transiret,
1004 1278 1094 1339 quem
1118 1257 1159 1322 10

109 1351 214 1408 tamen
238 1346 289 1406 hic
314 1345 424 1406 itinere
449 1348 601 1406 maturato
628 1345 725 1404 tribus
751 1343 857 1404 diebus
879 1347 1093 1406 anteverteret.

108 1431 357 1511 Pugnatumest
378 1430 418 1490 ad
437 1429 618 1493 Rhodanum
640 1430 704 1491 levi
726 1429 842 1510 proelio
864 1430 1011 1510 equestri,
1035 1450 1094 1510 quo

109 1515 243 1578 Romani
257 1517 429 1596 superiores
450 1516 665 1578 discesserunt.
709 1515 788 1576 Inde
803 1512 904 1596 Scipio
926 1515 958 1576 in
973 1516 1096 1578 Italiam

111 1621 256 1664 reversus
272 1602 353 1681 apud
368 1601 509 1662 Ticinum
532 1621 600 1663 cum
614 1601 788 1664 Hannibale
809 1601 946 1662 conflixit
960 1602 1094 1663 saueius·

111 1707 171 1767 qne
186 1691 218 1748 et
231 1687 356 1766 fugatus
371 1687 514 1748 dimissus
529 1690 585 1748 est.
631 1687 734 1749 Tertio
755 1705 824 1748 cum
839 1687 959 1767 collega
973 1687 1094 1749 Tiberio
1118 1684 1159 1748 15

111 1771 290 1854 Sempronio
315 1773 422 1852 Longo
446 1773 527 1852 apud
553 1773 696 1835 Trebiam
727 1772 875 1834 adversus
904 1792 973 1832 eum
999 1772 1093 1834 venit.

112 1853 190 1920 Cum
205 1857 253 1918 his
267 1877 392 1919 manum
407 1859 568 1933 conseruit,
593 1859 755 1937 utrumque
770 1857 960 1938 profligavit,
984 1858 1094 1918 deinde

112 1941 293 2005 Clastidium
303 1944 417 2019 vicum,
428 1964 487 2023 quo
498 1963 643 2023 magnam
653 1942 798 2015 frumenti
810 1943 873 2002 vim
884 1942 1014 2004 Romani
1026 1961 1095 2004 con-

110 2035 287 2109 gesserant,
322 2033 464 2108 oorrnpto
494 2029 639 2109 praesidii
667 2030 835 2109 praefecto,
874 2029 967 2108 oepit;
1004 2029 1094 2107 idque

111 2116 255 2177 horreum
276 2114 333 2174 suit
346 2113 457 2176 Poenis
477 2131 532 2195 per
552 2114 682 2181 hiemem
698 2115 736 2175 ad
751 2114 895 2174 Trebiam
909 2112 1092 2174 sedentibus.
1116 2109 1159 2175 20

112 2199 195 2262 Vere
217 2199 288 2260 anni
315 2200 502 2279 insequentis
523 2220 579 2282 per
599 2200 726 2280 Ligures
749 2199 945 2282 Apenninum
974 2198 1096 2261 transiit

110 2290 218 2368 petens
233 2284 397 2346 Etruriam.
444 2285 510 2346 Hoc
532 2287 641 2347 itinere
666 2305 721 2366 per
746 2285 872 2366 paludes
902 2284 979 2345 Arni
1006 2284 1093 2345 fluvii

111 2369 306 2453 proficiscens
336 2371 412 2432 adeo
441 2371 533 2450 gravi
563 2372 668 2433 morbo
697 2372 853 2433 oculorum
882 2370 1028 2445 afficitur,
1060 2372 1095 2431 ut

110 2460 219 2538 postea
233 2475 388 2536 nunquam
402 2459 511 2519 dextm
526 2476 623 2537 aeque
637 2457 714 2518 bene
728 2458 874 2518 uteretur.
898 2456 968 2525 Qua
977 2457 1095 2517 valetu-

112 2543 183 2604 dine
220 2561 289 2602 cum
328 2542 494 2604 etiamnum
533 2545 724 2624 premeretur
756 2543 925 2622 lecticaque
953 2543 1093 2618 ferretur,
1117 2538 1160 2603 25

113 2626 146 2690 G.
162 2627 349 2688 Flaminium
370 2629 539 2702 consulem,
562 2630 716 2690 hominem
737 2629 933 2689 temerarium
948 2631 979 2689 et
993 2629 1095 2688 incau-
1185 2666 1187 2669 v

113 2717 187 2788 tum,
204 2714 285 2793 apud
300 2712 511 2774 Trasimenum
526 2732 594 2774 eum
617 2713 755 2774 exercitu
774 2713 892 2774 insidiis
908 2713 1095 2773 circumven-

112 2803 180 2862 tum
194 2798 305 2860 occidit
318 2818 416 2878 neque
432 2800 527 2859 multo
543 2800 611 2879 post
627 2795 658 2859 G.
674 2795 853 2859 Centenium
867 2801 1097 2878 propraetorem

113 2903 182 2946 cum
198 2884 317 2945 delecta
331 2902 432 2959 manu,
456 2903 515 2963 qua
530 2885 646 2944 consuli
661 2883 776 2945 auxilio
791 2884 947 2958 veniebat,
970 2884 1002 2943 in
1022 2881 1094 2944 Um-

112 2969 179 3031 bria
201 2971 296 3032 saltus
319 2974 522 3049 occupantem.
567 2967 647 3030 Tum
672 2988 726 3049 per
745 2967 904 3030 Umbriam
934 2971 965 3030 et
985 2987 1095 3047 agrum
1118 2965 1161 3030 30

111 3055 270 3117 Picentem
280 3055 319 3117 ad
330 3075 414 3116 mare
425 3074 579 3136 superum,
594 3055 666 3115 inde
676 3074 730 3136 per
741 3052 887 3135 Apuliam
898 3056 929 3115 et
941 3052 1096 3116 Samnium

112 3141 152 3203 ad
174 3159 285 3220 agrum
307 3137 494 3220 Campanum
515 3141 668 3221 profectus
691 3142 753 3214 est,
777 3140 874 3201 socios
888 3139 1096 3202 Romanorum

112 3227 148 3287 ut
162 3225 327 3288 deficerent
340 3226 516 3288 sollicitans.
563 3224 641 3286 Cum
655 3245 729 3288 vero
742 3226 776 3286 in
791 3224 947 3287 Samnium
961 3229 1096 3286 reverte-

109 3315 211 3386 retur,
239 3311 278 3381 Q.
306 3310 420 3377 Fabius
445 3311 615 3388 Maximus,
643 3331 733 3392 quem
757 3311 888 3374 Romani
916 3311 1096 3372 dictatorem

114 3396 264 3472 dixerant,
280 3396 313 3458 in
328 3415 402 3476 agro
418 3396 550 3458 Falerno
565 3417 599 3458 se
613 3397 643 3458 ei
658 3397 776 3460 obiecit.
814 3397 863 3457 Ibi
879 3397 1001 3457 clausus
1015 3396 1095 3456 loco·
1116 3390 1160 3456 35

112 3502 182 3544 rum
201 3482 352 3562 angustiis
378 3486 470 3544 noctu
495 3481 560 3544 sine
584 3483 648 3544 ullo
674 3482 856 3544 detrimento
882 3481 1035 3557 exercitus
1061 3499 1095 3542 se

114 3567 279 3649 expedivit.
324 3565 434 3644 Fabio,
457 3568 655 3630 callidissimo
684 3567 875 3648 imperatori,
905 3568 957 3646 qui
979 3565 1096 3628 sollerti

115 3653 308 3716 cunctatione
336 3653 418 3716 uires
447 3654 620 3718 Poenorum
647 3655 790 3734 frangere
819 3652 975 3728 studebat,
1011 3651 1097 3713 dedit
