2748 4486
313 351 356 418 22
647 353 707 417 III.
732 352 962 417 ARISTIDES.

312 525 485 590 versarium
517 546 605 590 suum
639 525 791 607 quondam
815 524 946 590 Aristidi
976 525 1120 589 iniuriam
1144 524 1304 602 intulisse,

313 611 401 689 Dio,
416 612 523 692 inquit,
540 611 687 694 potius,
703 631 790 674 num
805 611 877 674 tibi
892 609 1078 676 iniuriam
1091 611 1306 686 intulerit3

314 697 389 760 tibi
404 698 518 773 enirn,
535 717 608 760 uon
624 697 718 760 mihi
732 697 885 761 arbiter
899 716 985 758 sum.
1029 697 1196 778 Postquam
1211 696 1307 759 Datis

315 788 346 851 et
356 783 566 864 Artaphernas
581 801 600 846 a
613 803 688 862 rega
702 782 788 844 missi
799 801 895 846 naves
905 783 945 845 ad
955 782 1092 852 Atticam
1103 783 1305 865 appulerunt,

250 864 272 929 5
314 869 395 934 inter
415 869 521 930 decem
540 872 697 949 praetores
717 868 854 930 delectus
868 873 923 943 est,
946 869 998 948 qui
1013 869 1129 931 bellum
1143 873 1304 948 gererent.

314 953 364 1015 lbi
378 973 448 1016 cum
462 953 635 1021 Miltiadem
648 953 723 1016 belli
742 954 853 1034 peritia
873 956 982 1016 ceteris
996 958 1153 1035 praestare
1168 954 1305 1030 videret,

313 1039 430 1120 primus
452 1039 499 1100 illi
520 1040 682 1121 imperium
702 1059 791 1102 suum
820 1039 946 1102 tradidit
972 1041 1141 1121 ceterisque
1169 1040 1308 1100 ducibus

314 1125 397 1186 idem
411 1134 446 1186 ut
461 1125 597 1190 facerent
611 1127 773 1207 persuasit,
790 1126 904 1201 dicens,
921 1125 997 1188 viris
1011 1128 1114 1206 probis
1130 1125 1259 1187 obedire
1272 1128 1308 1187 et

315 1211 441 1290 obsequi
464 1231 524 1274 uon
546 1216 648 1293 turpe,
679 1213 733 1274 sed
755 1214 914 1274 honestum
936 1220 968 1274 et
988 1212 1121 1274 salutare
1139 1230 1216 1272 esse.
1266 1213 1310 1271 In

252 1294 295 1360 10
315 1316 419 1377 pugna
433 1297 501 1378 ipsa
511 1298 711 1360 fortissimum
723 1318 756 1359 se
765 1298 928 1379 praestitit,
942 1316 1004 1358 una
1014 1316 1084 1358 cum
1094 1297 1310 1359 Themistocle

315 1382 446 1444 mediam
461 1383 566 1457 aciem,
585 1403 661 1461 quae
676 1383 809 1446 maxime
820 1382 988 1455 laborabat,
1003 1383 1101 1462 quoad
1111 1383 1177 1443 fiori
1188 1383 1307 1461 potuit,
1330 1421 1331 1450 2

315 1469 498 1527 sustentans.
543 1465 652 1544 Pugna
681 1471 782 1529 autem
810 1469 981 1529 saetacum
1003 1467 1097 1528 ceteri
1118 1485 1207 1545 opem
1229 1468 1310 1527 urbi
1329 1469 1331 1536 l

314 1551 395 1618 serre
418 1552 649 1628 contenderent,
680 1553 747 1632 ipse
771 1555 896 1634 propter
924 1552 1082 1632 egregiam
1107 1551 1309 1614 innocentiae

316 1636 488 1716 opinionem
503 1637 542 1698 ad
557 1638 695 1718 captivos
710 1641 741 1700 et
754 1639 899 1718 praedam
921 1637 1119 1700 custodienda
1137 1637 1170 1697 in
1191 1654 1307 1717 campo

253 1717 294 1784 15
315 1720 506 1784 Marathonio
526 1723 652 1785 relictus
667 1727 735 1802 sest,
758 1744 818 1805 que
839 1725 925 1786 inre
945 1743 1031 1804 spem
1046 1721 1160 1784 civium
1175 1741 1307 1784 suorum

315 1827 376 1869 non
400 1807 523 1883 fefellit,
547 1829 583 1871 ac
605 1829 666 1870 non
690 1812 780 1872 modo
802 1811 868 1891 ipse
889 1810 1005 1871 nullam
1025 1811 1146 1888 partam
1169 1808 1307 1888 praedae

316 1893 436 1972 attigit,
464 1895 520 1956 sod
540 1915 578 1956 no
599 1896 674 1958 alios
695 1897 818 1974 quidem
843 1893 1005 1975 quicquam
1026 1896 1058 1956 in
1089 1913 1178 1954 usum
1210 1913 1306 1955 suum

316 1983 495 2042 convertere
509 2001 619 2062 passus
634 1984 689 2042 est.

252 2148 295 2214 20
347 2153 384 2212 Π
404 2150 470 2213 Nec
497 2155 598 2214 tamen
624 2151 773 2213 invidiam
800 2151 990 2230 ingratorum
1024 2150 1137 2212 civium
1165 2147 1307 2229 effugere

316 2237 423 2316 potuit,
439 2238 620 2316 praesertim
636 2257 704 2297 oum
718 2236 946 2310 Themistocles,
963 2235 1099 2315 quicum
1114 2255 1149 2296 eo
1165 2236 1204 2295 de
1219 2237 1306 2316 prin·
1329 2295 1330 2306 ,

317 2321 419 2400 cipatu
437 2323 647 2396 contendebat,
665 2342 735 2383 eum
751 2321 1011 2382 criminationibus
1026 2322 1202 2396 infamaret,
1226 2327 1304 2382 tam-

317 2424 408 2484 quam
422 2406 554 2483 gratiam
565 2407 671 2488 populi
683 2409 806 2486 captans
816 2407 931 2469 aditum
943 2407 1002 2466 sibi
1013 2407 1052 2467 ad
1063 2405 1303 2467 dominationem

317 2490 464 2565 muniret3
487 2497 574 2553 erant
596 2493 701 2568 etiam,
724 2491 776 2571 qui
791 2510 861 2552 eum
875 2491 1018 2566 odissent,
1040 2492 1121 2571 quod
1134 2491 1258 2552 nomine
1273 2496 1305 2551 at

253 2573 296 2639 25
317 2575 400 2637 fama
422 2581 544 2655 praeter
563 2582 680 2639 ceteros
703 2576 883 2639 excellebat.
927 2577 1036 2656 lisque
1056 2578 1095 2638 ab
1116 2577 1302 2638 adversariis

319 2661 535 2724 collabefactus
557 2663 738 2724 testularum
754 2661 908 2742 suffragiis
923 2661 1017 2723 exilio
1034 2662 1139 2723 decem
1153 2681 1302 2724 annorum

317 2748 464 2810 multatus
479 2752 533 2810 est.
581 2747 658 2810 Cum
674 2747 819 2827 suffragia
832 2749 994 2822 ferrentur,
1010 2748 1088 2808 forte
1102 2747 1302 2808 inhominem

317 2833 469 2912 quendam
489 2834 668 2896 illiteratum
690 2835 897 2913 rusticumque
912 2833 1027 2907 incidit,
1049 2832 1100 2912 qui
1116 2833 1154 2892 ab
1170 2851 1206 2893 eo
1221 2837 1302 2915 pete-

318 2923 374 2995 ret,
389 2921 424 2980 ut
439 2939 549 2982 nomen
563 2919 710 2982 Aristidis
724 2920 757 2981 in
771 2921 884 2980 testula
898 2918 1091 2992 inscriberat;
1106 2937 1147 2978 ex
1162 2937 1198 2979 eo
1213 2937 1302 2997 quae·
1327 2987 1328 2992 η

254 3002 297 3068 30
318 3004 399 3078 sivit,
416 3005 560 3083 quidnam
575 3005 648 3068 mali
664 3007 693 3066 ei
707 3003 859 3066 Aristides
875 3003 1035 3064 intulisset.
1059 3003 1093 3063 Is
1109 3003 1303 3082 respondisse
1327 3034 1328 3053 i

317 3089 438 3165 dicitur,
454 3109 488 3152 se
504 3089 673 3152 Aristidem
688 3090 839 3167 ignorare,
856 3089 911 3150 sod
926 3088 985 3150 sibi
1000 3107 1060 3149 non
1074 3088 1206 3168 placare,
1223 3089 1302 3168 quod

317 3179 380 3240 tarn
396 3174 504 3254 cupide
519 3175 745 3250 elaboravissct,
767 3181 802 3235 ut
815 3178 937 3255 praeter
954 3177 1071 3235 cetoros
1086 3173 1186 3234 iustus
1200 3175 1301 3254 appel-

318 3261 442 3326 laretur.
467 3259 537 3331 Quo
552 3259 794 3324 factovoluntati
807 3260 938 3322 bominis
949 3259 1182 3340 moremgessit.
1205 3258 1301 3322 Eram

318 3349 420 3412 autem
440 3347 514 3410 hacc
535 3347 718 3410 testularum
738 3345 896 3424 suffragia,
918 3365 1008 3425 quem
1023 3342 1134 3407 Graeci
1155 3340 1300 3430 ὀστρακι-

254 3429 297 3494 35
320 3428 403 3516 σμὸν
416 3434 579 3508 vocabant,
600 3451 660 3494 non
675 3449 773 3514 poena
787 3432 898 3498 delicto
914 3431 1092 3507 constituta,
1114 3431 1169 3492 sed
1189 3431 1301 3492 levatio
1325 3511 1326 3514 Ἴ

319 3519 467 3596 quaedam
482 3522 514 3582 at
528 3519 669 3582 liberatio
686 3520 802 3593 metus,
825 3536 864 3578 ne
885 3518 934 3578 vir
955 3519 1136 3598 praepotens
1151 3517 1301 3578 communi
1325 3531 1326 3558 ³

318 3604 455 3668 omnium
468 3604 605 3668 libertati
622 3603 765 3666 officeret.
799 3601 903 3684 Atque
917 3601 1069 3664 Aristides
1083 3601 1207 3683 quidem
1222 3602 1300 3665 omni

273 3755 278 3760 Ἴ,
318 3691 455 3769 temporo
477 3709 542 3752 rem
564 3689 718 3770 publicam
738 3689 782 3752 ita
801 3688 1044 3763 administrarat,
1067 3692 1183 3749 utnon
1205 3686 1298 3769 ipsius
