2748 4486
371 392 439 460 20>
664 321 708 460 M
737 396 1063 463 THEMISTOOLES.

373 565 460 629 dacio
475 565 689 653 simulaverat)
704 568 762 630 ita
776 588 875 631 nunc
890 589 1037 653 quoque
1051 572 1085 632 is
1100 591 1191 650 sum,
1212 573 1277 653 qui
1290 574 1363 635 tibi

372 653 1363 740 magnaofficiapraestemetconfugiadteexagi-

372 742 478 800 tatus
506 757 526 801 a
555 742 697 801 cuncta
719 738 890 804 Graecia
917 746 1077 825 propter
1098 747 1199 805 tuam
1227 746 1362 808 amici·

373 823 473 885 tiam
496 823 777 907 Annoperacto
790 845 916 889 coram
934 829 978 889 de
993 829 1044 889 iis
1057 830 1185 906 rebus,
1201 835 1362 913 propter

330 909 352 974 b
374 929 467 989 quas
481 911 586 985 veni,
602 914 726 972 tecum
741 931 859 991 agam.

301 995 353 1059 XI
460 993 561 1056 Huius
576 1015 632 1058 rex
648 996 742 1058 animi
752 998 995 1077 magnitudinem
1004 999 1158 1062 admirans
1176 1001 1366 1083 cupiensque

373 1080 467 1141 talem
488 1080 591 1142 virum
613 1081 673 1143 sibi
695 1082 851 1145 conciliari
873 1086 996 1146 veniam
1011 1084 1102 1146 dedit.
1148 1085 1209 1147 Ille
1225 1106 1316 1148 omne
1332 1088 1369 1152 id,

373 1165 495 1246 tempus
509 1167 609 1228 literis
625 1168 817 1249 sermonique
831 1169 996 1232 Persarum
1011 1171 1141 1247 studuit,
1166 1172 1210 1233 ita
1229 1175 1265 1234 ut
1285 1173 1365 1234 satis

229 1293 233 1302 -
276 1311 278 1314 ,
373 1253 531 1315 commode
552 1253 633 1334 apud
654 1273 761 1334 regem
782 1255 877 1320 verba
897 1257 998 1320 faeere
1018 1260 1129 1336 posset.
1174 1257 1213 1319 In
1235 1278 1365 1338 conspe-

310 1335 352 1401 10
374 1339 456 1398 ctum
474 1339 559 1417 regis
582 1341 691 1401 ductus
718 1360 788 1400 eum
809 1360 893 1402 more
924 1341 1087 1403 Persarum
1115 1347 1280 1404 veneratus
1303 1348 1365 1403 est.

372 1421 494 1484 Dicitur
519 1428 622 1485 autem
647 1425 716 1502 regi
739 1425 894 1504 pollicitus
915 1445 997 1500 esse,
1023 1427 1050 1486 si
1072 1427 1135 1487 suis
1158 1427 1294 1490 consiliis
1316 1429 1366 1488 ut'

372 1507 478 1582 vellet,
493 1506 581 1568 illum
598 1506 759 1570 Graeciam
774 1509 855 1571 bello
871 1529 1088 1590 oppressurum
1096 1536 1103 1584 ;
1126 1512 1248 1589 magnis
1263 1513 1349 1590 igitu

371 1592 549 1653 muneribus
571 1593 609 1654 ab
629 1591 807 1655 Artaxerxe
826 1595 956 1656 donatus
977 1595 1010 1657 in
1030 1594 1137 1656 Asiam
1156 1595 1250 1656 rediit
1264 1597 1368 1658 domi-

374 1677 539 1757 ciliumque
552 1677 733 1758 Magnesiae
748 1679 807 1740 1111
822 1681 987 1742 constituit.
1010 1680 1150 1761 Namque
1161 1681 1240 1742 hanc
1250 1682 1367 1743 urbem

309 1760 350 1825 15
372 1762 401 1824 ei
416 1782 475 1824 rex
489 1763 629 1840 donarat,
652 1763 701 1825 his
723 1764 846 1844 quidem
861 1765 981 1841 verbis,
1005 1785 1084 1845 quae
1105 1766 1134 1826 ei
1149 1785 1259 1845 panem
1274 1786 1368 1848 prae-

371 1849 458 1911 beret
490 1845 546 1933 (ex
572 1869 631 1929 qua
661 1850 788 1928 regions
814 1851 1037 1930 quinquagena¹
1054 1851 1216 1930 quotannis
1242 1853 1365 1915 talenta

371 1935 534 2013 redibant),
555 1933 758 2015 Lampsacum
772 1945 890 2012 autem,
912 1935 994 1996 unde
1007 1935 1115 1996 ¹'sinum
1130 1940 1273 2014 sumeret,
1288 1937 1373 2018 My=

372 2022 456 2095 unta,
472 2039 513 2082 ex
528 2040 588 2100 qua
603 2021 762 2082 obsonium
774 2019 908 2083 haberet.
931 2019 1162 2106 Monumentum
1174 2022 1239 2082 eius
1251 2026 1364 2102 postea

372 2105 590 2168 ostendebatur
603 2105 782 2188 Magnesiae
802 2107 835 2167 in
856 2107 929 2168 foro.
974 2107 1021 2167 De
1044 2109 1142 2168 morte
1164 2106 1228 2168 eius
1250 2108 1363 2169 multis

308 2187 352 2254 20
372 2192 471 2254 modis
485 2193 567 2272 apud
581 2192 744 2272 plerosque
760 2191 908 2272 seriptum
923 2193 983 2266 est;
1007 2192 1061 2252 sed
1082 2212 1138 2253 nos
1159 2192 1289 2254 eundem
1305 2212 1363 2272 po-

372 2277 526 2338 tissimum
541 2276 751 2356 Thucydidem
774 2279 929 2339 auctorem
949 2278 1122 2356 probamus,
1146 2276 1198 2358 qui
1211 2277 1300 2338 illum
1316 2278 1364 2338 311

372 2360 553 2439 Magnesiae
575 2362 680 2422 morbo
703 2367 872 2436 mortuum,
901 2381 999 2441 neque
1021 2367 1116 2441 negat
1136 2363 1231 2424 fuisse
1245 2363 1362 2424 samam

372 2465 525 2507 venenum
542 2466 598 2508 sua
619 2451 726 2526 sponte
749 2447 926 2528 sumpsisse,
950 2467 1020 2509 cum
1036 2469 1070 2509 se
1085 2467 1129 2524 ea,
1145 2467 1225 2528 quac
1238 2449 1306 2528 regi
1322 2451 1362 2510 de

373 2531 571 2612 opprimenda
588 2528 718 2593 Graecia
731 2532 886 2613 pollicitus
908 2536 1005 2609 esset,
1028 2537 1187 2614 praestare
1202 2553 1292 2614 posse
1308 2536 1359 2594 de-

310 2613 353 2678 25
374 2618 519 2696 speraret.
566 2616 756 2680 Posteriores
782 2618 904 2697 quidem
919 2619 1083 2699 scriptores
1113 2623 1244 2681 mortem
1269 2620 1373 2708 huius,

373 2703 491 2783 tragice
503 2703 534 2763 et
544 2703 696 2764 rhetorice
711 2708 951 2779 exornaverunt;
966 2707 1093 2766 narrant
1102 2706 1193 2782 enim,
1209 2723 1278 2766 cum
1290 2723 1373 2765 cum¹

373 2791 495 2850 taurum
517 2788 720 2866 immolasset,
750 2790 910 2871 excepisse
938 2790 1118 2869 sanguinem
1146 2795 1253 2872 patera
1272 2795 1303 2852 et
1324 2811 1373 2851 eo,

372 2878 445 2956 pcto
480 2879 635 2936 mortuum
671 2875 847 2936 concidisse.
905 2874 994 2936 Idem
1022 2875 1219 2956 Thucydides
1257 2877 1373 2950 tradit*

373 2962 521 3039 cognatos
528 2960 593 3021 eius
605 2961 731 3037 dixisse,
743 2979 812 3023 ossa
825 2962 892 3042 ipso
903 2961 1027 3022 iubente
1037 2961 1160 3022 domum
1172 2962 1317 3024 translata
1327 2967 1358 3022 ct
1372 2995 1373 3012 1

309 3041 353 3106 30
375 3047 455 3106 clam
469 3043 707 3107 Atheniensibus
723 3047 755 3106 in
769 3046 875 3108 Attica
889 3047 1056 3126 composita
1073 3066 1149 3108 esse.

289 3129 358 3189 XII
459 3127 531 3190 Sine
558 3131 650 3194 dubio
678 3130 898 3192 Themistocles
925 3149 1057 3209 magnus
1088 3131 1177 3195 homo
1203 3133 1275 3207 suit,
1309 3132 1373 3212 quii

374 3214 474 3294 magis
496 3215 590 3276 etiam
612 3214 705 3277 insita
724 3219 833 3278 natura
858 3219 889 3278 et
909 3217 1046 3296 ingenio,
1071 3237 1162 3297 quam
1178 3218 1314 3280 doctrina
1328 3221 1360 3278 et

374 3300 545 3381 disciplina,
562 3320 637 3382 quas
652 3302 741 3382 parvi
755 3302 896 3377 habebat,
920 3303 1029 3363 ductus
1044 3303 1209 3366 utihssima
1223 3323 1358 3384 quaeque

375 3390 406 3449 et
421 3386 536 3468 optima
551 3392 689 3449 cerneret
704 3390 736 3449 et
749 3387 911 3468 perficeret
926 3389 1018 3449 etiam
1034 3389 1066 3449 in
1080 3390 1119 3450 iis
1133 3391 1233 3465 rebus,
1250 3390 1356 3470 quibus

310 3467 353 3534 35
375 3471 562 3534 exercitatus
576 3493 637 3534 non
652 3476 725 3536 erat.
761 3472 808 3534 Ac
825 3469 932 3536 Cicero
948 3475 1072 3553 quidem
1086 3476 1177 3538 facile
1190 3475 1356 3556 principem

375 3555 524 3621 Graeciae
540 3578 610 3621 eum
625 3559 719 3640 ponit.
763 3558 944 3622 Memoriam
961 3559 993 3619 in
1010 3580 1046 3622 eo
1063 3561 1251 3640 singularem
1265 3561 1356 3622 fuisse

375 3645 485 3720 ferunt,
502 3647 536 3706 ut
558 3645 694 3706 omnium
717 3644 832 3706 civium
854 3645 976 3709 nomina
1001 3650 1131 3722 teneret;
1158 3648 1211 3727 qui
1237 3647 1354 3728 quidem

374 3729 532 3811 pollicenti
553 3730 674 3794 cuidam
690 3750 723 3792 se
745 3734 844 3793 artem
863 3731 1036 3809 memoriae,
1052 3736 1212 3814 quactum
1226 3733 1353 3816 primum
