2720 4482
381 371 740 466 rxrnnnuumnn.
990 373 1054 438 125
1170 470 1174 482 Ι

44 563 103 626 pro
119 543 275 626 supplice
294 545 528 626 deprecabatur,
550 563 619 607 cum
633 545 842 607 Flamininum
856 545 889 607 in
903 547 1055 609 sententia

46 635 196 713 perstare
220 629 364 706 videret,
386 649 501 710 negare
521 647 612 694 ausus
633 651 694 693 non
714 634 774 707 est;
795 632 874 692 illud
888 632 1053 709 recusavit,

46 735 87 777 ne
101 717 136 776 id
153 735 174 777 a
190 735 229 778 se
245 715 319 777 fieri
333 716 467 794 vellent„
486 717 566 798 quod
587 717 735 778 adversus
750 717 798 777 ius
812 717 936 796 hospitii
958 720 1053 794 esset3

45 802 117 882 ipsi,
136 802 166 862 si
181 806 329 882 possent,
346 803 650 883 comprehenderent3
672 803 773 865 locum
794 803 846 864 ubi
867 806 949 864 esset
961 802 1054 864 facilc

46 887 255 948 inventuros.
281 887 437 950 Hannibal
447 889 530 950 enim
539 908 600 950 uno
610 889 677 950 loco
692 907 726 949 se
740 889 863 950 tenebat
873 890 905 950 in
915 889 1052 965 castello,
1074 885 1098 949 5

46 973 133 1052 qnod
157 973 192 1034 ei
208 991 230 1034 a
246 992 325 1052 rege
340 974 444 1036 datum
460 977 527 1035 erat
541 974 673 1049 muneri,
694 974 787 1053 idque
808 974 853 1034 sic
867 975 1052 1052 aedificarat,

45 1061 83 1120 ut
104 1059 142 1118 in>
165 1059 320 1120 omnibus
341 1061 479 1141 partibus
502 1059 632 1120 aedificii
653 1059 756 1120 exitus
771 1060 911 1137 haberet,
935 1060 1053 1124 scilicet

47 1163 182 1220 verens,
214 1164 260 1208 ne
281 1164 340 1205 usu
361 1146 481 1206 renuet
500 1145 580 1225 quod
603 1145 722 1208 accidit.
773 1144 843 1206 Huc
865 1166 934 1207 cum
955 1146 1052 1225 legati

47 1228 276 1291 Romanorum
288 1230 444 1291 venissent
458 1249 494 1291 ac
508 1230 702 1291 multitudine
713 1229 837 1290 domum
848 1231 912 1291 eius
924 1232 1051 1291 circum-

48 1315 219 1376 dedissent
220 1335 321 1396 puer
332 1316 371 1376 ab
381 1315 472 1378 ianua
481 1315 668 1396 prospiciens
680 1315 847 1377 Hannibali
858 1316 938 1376 dixi
925 1317 1052 1396 tplures
1076 1313 1120 1377 10

47 1403 181 1480 praeter
197 1401 455 1462 consuetudinem
471 1408 569 1462 armat
570 1420 603 1462 os
618 1420 774 1480 apparere.
812 1400 897 1470 Qui
888 1401 1053 1482 imperavit

47 1486 92 1561 ei,
120 1489 159 1546 ut
183 1505 300 1548 omnes
321 1488 404 1548 fores
425 1487 555 1548 aedificii
579 1486 752 1547 circumiret
778 1505 814 1548 ac
840 1507 969 1568 propere
993 1487 1052 1548 sibi

50 1573 234 1650 nuntiaret,
261 1567 334 1633 num
354 1573 461 1634 eodem
475 1573 564 1636 modo
578 1573 713 1652 undique
728 1572 882 1634 obsideret
869 1576 926 1634 t.ur
973 1569 1058 1634 Oum

50 1675 128 1739 puer
152 1657 306 1720 celeriter
327 1658 400 1737 quid
420 1661 501 1718 esset
528 1659 732 1720 renuntiasset
761 1678 925 1738 omnesque
949 1659 1052 1719 exitus

51 1748 227 1824 occupatos
252 1744 449 1819 ostendisset,
470 1744 565 1804 sensit
586 1743 618 1803 id
638 1764 698 1805 non
712 1744 837 1805 fortuito
858 1745 920 1805 fact
907 1747 981 1820 tum,
992 1746 1052 1805 sed
1075 1739 1118 1803 15

51 1848 85 1889 se
99 1829 170 1909 peti
192 1849 300 1908 neque
321 1828 379 1888 sibi
395 1829 510 1889 diutius
524 1829 622 1889 vitam
637 1847 705 1889 esse
719 1828 917 1890 retinendam.
950 1828 1052 1898 Quam

53 1934 92 1974 ne
108 1916 216 1978 alieno
234 1913 361 1975 arbitrio
377 1914 552 1988 dimitteret,
569 1932 685 1974 memor
695 1915 891 1993 pristinarum
902 1915 1053 1975 virtutum

53 2019 219 2061 venenum
236 2000 316 2078 quod
331 2019 451 2079 semper
463 2018 566 2059 secum
577 1999 690 2059 habere
702 2001 902 2061 consueverat
912 2000 1049 2078 sumpsit

144 2085 202 2148 Sic
217 2086 269 2145 vir
283 2085 466 2145 fortissimus
487 2084 591 2144 multis
606 2084 760 2164 variisque
775 2086 950 2164 perfunctus
966 2085 1049 2147 labo·
1056 2081 1140 2145 XVI

55 2171 142 2232 ribus
159 2191 244 2234 anno
259 2170 412 2250 acquievit
426 2170 617 2249 sexagesimo
632 2170 731 2231 tertio.
777 2169 897 2240 Quibus
919 2190 991 2232 cons
1028 2171 1049 2216 ¹-
1070 2165 1115 2231 20

56 2256 114 2316 bus
142 2256 314 2329 interierit,
342 2276 402 2317 non
428 2256 583 2329 convenit3
615 2258 754 2316 auctores
778 2257 955 2334 gravissimi
981 2171 1051 2416 ΒΨ

58 2339 100 2401 M.
125 2339 261 2404 Claudio
281 2341 428 2404 Marcello
450 2341 487 2412 Q.
504 2342 600 2402 Fabio
614 2340 757 2402 Labeone
778 2342 951 2404 consulibus
972 2361 1001 2402 m
1103 2368 1105 2372 ’

59 2429 149 2488 tuum
175 2447 248 2488 esse
269 2427 365 2509 script
365 2447 416 2488 um
437 2428 634 2506 reliquerunt.
679 2426 782 2506 Atque
808 2427 857 2488 bic
877 2431 981 2488 tantus
1003 2427 1052 2488 uir

3 2490 222 2594 tantisque
236 2513 326 2574 bellis
340 2513 460 2574 district
448 2518 497 2574 tus
511 2512 649 2575 nonnihil
655 2513 810 2593 temporis
821 2513 929 2574 tribuit
943 2513 1050 2574 literis

60 2595 209 2678 Namque
231 2598 345 2678 aliquot
366 2600 431 2660 eius
450 2599 522 2659 libri
537 2603 608 2660 sunt
595 2596 742 2660 tGraeco
758 2618 897 2660 sermone
913 2599 1051 2673 contecti,
1074 2593 1117 2658 25

61 2681 94 2742 in
115 2683 166 2744 his
188 2683 229 2746 ad
243 2683 378 2745 Rhodios
399 2687 439 2744 ds
458 2681 511 2744 On.
528 2683 638 2744 Manlii
651 2684 714 2744 Vul
715 2684 797 2744 sonis
818 2684 851 2744 in
866 2682 941 2744 Asia
960 2685 1052 2746 rebus

61 2769 173 2844 gestis.
219 2767 322 2830 Huius
346 2769 420 2829 belli
443 2771 532 2847 gesta
554 2769 644 2828 multi
664 2768 829 2829 memoriae
843 2770 1051 2849 prodiderunt,

62 2855 180 2915 sodex
195 2854 243 2914 his
265 2855 339 2928 duo,
361 2855 502 2932 quicum
524 2872 559 2914 eo
581 2853 614 2913 in
635 2854 742 2913 castris
764 2854 887 2914 fuerunt
902 2854 1052 2933 simulque

2 2981 3 2988 ι
63 2939 228 3014 vixerunt,
251 2939 396 3019 quamdiu
416 2939 539 3000 fortuna
558 2949 650 3019 passa
664 2939 726 3013 est,
747 2936 867 3000 Silenus
888 2941 920 2999 et
934 2937 1051 3001 Sosilus

62 3021 336 3086 Lacedaemonius.
1071 3020 1116 3086 30

154 3109 216 3171 Sed
230 3130 285 3172 nos
301 3114 420 3189 tempus
435 3112 482 3170 est
496 3110 586 3170 huius
600 3109 672 3170 libri
683 3110 784 3172 facere
794 3107 885 3172 finem
898 3114 929 3172 et
938 3110 1050 3173 Roma-

1 3202 6 3210 ·
66 3211 180 3256 norum
194 3197 349 3276 explicare
363 3196 461 3256 uitam
475 3195 703 3276 imperatorum,
720 3217 778 3276 quo
793 3197 913 3258 facilius
930 3198 1050 3259 collatis

64 3280 267 3361 utrorumque
282 3281 370 3345 factis
385 3281 437 3360 qui
451 3281 511 3340 viri
525 3283 715 3362 praeferendi
731 3283 793 3344 sint
803 3285 900 3362 possit
914 3283 1049 3347 iudicari.

407 3557 713 3570 -----..--..-....-.
