2720 4482
485 330 675 396 narratis.
1009 327 1075 398 lat

68 505 101 565 in
117 503 360 566 adolescentulo
384 523 495 582 magna
516 506 595 579 erat,
619 521 709 584 saepe
731 503 795 564 suis
816 505 923 584 opibus
937 503 1072 585 inopiam

69 609 177 651 eorum
184 589 352 669 publicam
359 589 484 651 levavit.
499 586 665 650 Oumenim
673 608 834 650 versuram
843 591 944 651 facere
951 591 1071 671 publice

68 693 200 736 necesse
224 680 316 736 esset
336 695 435 756 neque
456 675 521 736 eius
543 675 750 736 condicionem
772 692 899 755 aequam
914 677 1070 752 haberent,

69 779 196 842 semper
212 781 250 822 se
266 761 460 842 interposuit,
476 768 566 840 atque
577 760 629 836 ita,
647 764 681 821 ut
691 779 789 840 neque
800 781 924 822 usuram
935 762 1070 840 iniquam

68 848 106 909 ab
123 848 173 908 eis
186 847 358 926 acceperit,
381 866 479 926 neque
494 846 616 926 longius
631 865 721 924 quam
736 847 851 907 dictum
865 853 946 908 esset
960 847 1070 908 debers
1112 839 1160 906 5⁴

68 951 183 1012 passus
199 933 252 992 sit.
279 931 373 1002 Quod
387 937 549 1011 utrumque
564 935 631 992 erat
645 933 689 992 eis
706 932 845 994 salutare.
876 931 957 994 Nam
971 952 1070 1011 neque

69 1018 269 1098 indulgendo
294 1018 519 1078 inveterascere
541 1036 647 1078 eornm
668 1035 720 1078 aes
743 1018 876 1078 alienum
897 1019 1070 1098 patiebatur

70 1122 172 1182 neque
188 1103 440 1184 multiplicandis
455 1103 555 1164 usuris
571 1121 715 1164 crescere.
751 1102 849 1164 Auxit
864 1104 922 1164 hoc
937 1105 1070 1164 officium

71 1189 132 1250 alia
147 1208 278 1268 quoque
291 1189 482 1250 liberalitate.
507 1187 587 1266 Nam
598 1189 757 1249 universos
768 1190 919 1250 frumento
935 1190 1068 1264 donavit,

70 1275 115 1335 ita
136 1281 173 1335 ut
196 1273 337 1353 singulis
358 1279 475 1355 septem
495 1272 590 1336 modii
611 1275 705 1334 tritici
720 1274 879 1337 darentur:
895 1276 947 1354 qui
961 1275 1069 1336 modus
1092 1270 1141 1334 lo

72 1379 243 1422 mensurae
259 1359 433 1420 medimnus
449 1359 579 1421 Athenis
595 1360 774 1440 appellatur.

160 1426 227 1506 nic
243 1451 350 1506 autem
365 1446 409 1506 sic
423 1466 456 1506 se
471 1446 611 1524 gerebat,
632 1448 666 1505 ut
681 1445 848 1506 communis
862 1444 988 1521 infimis,
1009 1464 1065 1524 par
1081 1443 1139 1508 III-

73 1532 273 1612 principibus
290 1532 455 1594 videretur.
481 1531 550 1600 Quo
564 1532 677 1592 factum
693 1533 748 1607 est,
763 1536 798 1591 nt
812 1531 883 1591 huic
897 1550 1001 1592 omnes
1017 1532 1069 1591 ho-

75 1635 167 1678 nores
196 1637 279 1697 quos
305 1621 429 1698 possent
454 1618 575 1698 publice
600 1617 747 1678 haberent
777 1618 937 1696 civemque
968 1617 1069 1676 facere

75 1704 256 1764 studerent:
271 1721 330 1781 quo
342 1702 486 1764 beneficio
498 1704 551 1763 ille
562 1702 608 1763 uti
617 1703 716 1763 noluit
724 1702 815 1781 [quod
822 1703 960 1763 nonnulli
970 1703 1014 1763 ita
1025 1704 1069 1761 in·
1092 1693 1142 1760 la

74 1791 294 1868 terpretantur
306 1789 403 1848 amitti
413 1789 570 1848 civitatem
576 1787 744 1848 Romanam
758 1787 938 1865 aliaasoital.
956 1787 1070 1856 Quam·

78 1875 131 1934 diu
147 1874 248 1948 affuit,
266 1893 305 1933 ne
318 1892 377 1952 qua
388 1874 446 1934 sibi
457 1875 557 1934 statua
569 1881 732 1953 poneretur
742 1873 864 1948 restitit,
880 1873 990 1932 absens
1001 1892 1069 1951 pro-

76 1959 186 2020 hibere
211 1978 276 2020 non
301 1959 408 2038 potuit.
453 1961 561 2038 Itaque
586 1959 701 2037 aliquot
723 1958 782 2038 ipsi
804 1962 835 2018 et
856 1957 970 2018 Midiae
993 1957 1069 2018 locis

14 2117 16 2120 Ι
80 2045 290 2105 sanctissimis
305 2048 485 2124 posueruut:
505 2046 585 2105 hunc
607 2044 688 2104 enim
708 2043 741 2102 in
762 2044 843 2104 omni
857 2042 1069 2124 procuratione

76 2130 122 2191 rei
137 2131 288 2210 publicae
303 2136 436 2191 actorem
456 2134 669 2209 auctoremque
689 2129 849 2189 habebant.
894 2127 996 2207 Igitur
1009 2128 1070 2208 pri·
1092 2119 1141 2185 20

77 2235 163 2276 mum
177 2216 264 2276 illud
279 2235 388 2276 munus
404 2215 543 2277 fortunae
566 2215 651 2289 fnit,
673 2214 752 2294 quod
774 2215 806 2273 in
828 2234 865 2274 ea
878 2214 1069 2292 potissimum

12 2342 13 2346 ,
78 2302 156 2362 urbe
177 2307 275 2362 natus
297 2299 356 2376 est,
379 2301 411 2361 in
433 2320 492 2379 qua
514 2301 700 2362 domicilium
721 2300 802 2361 orbis
822 2303 973 2360 terrarum
989 2303 1070 2359 esset

80 2387 219 2466 imperii,
246 2390 281 2446 ut
301 2386 428 2447 eandem
449 2392 480 2446 et
499 2387 630 2466 patriam
651 2386 777 2446 haberet
797 2393 828 2446 et
848 2386 985 2458 domum,
1012 2385 1069 2446 hoo

82 2474 242 2552 specimen
257 2472 444 2552 prudentiae,
462 2473 552 2552 quod,
568 2472 681 2532 cumin
697 2489 763 2532 eam
779 2490 813 2531 se
828 2471 985 2531 civitatem
1000 2489 1069 2532 con-

83 2559 227 2631 tulisset,
251 2577 327 2636 quae
347 2559 541 2636 antiquitate,
564 2557 751 2618 humanitate
772 2556 968 2635 doctrinaque
984 2575 1069 2636 prae·
1091 2543 1141 2609 25

85 2646 183 2704 staret
197 2663 312 2718 omnes,
328 2663 407 2703 unus
422 2645 451 2702 ei
465 2645 524 2704 fuit
539 2642 723 2702 carissimus.

173 2728 245 2788 Huc
260 2748 300 2787 ex
314 2728 391 2788 Asia
406 2727 493 2787 Sulla
507 2727 657 2787 decedens
672 2745 741 2785 cum
755 2726 904 2800 venisset,
927 2725 1071 2804 quamdiu
1087 2715 1135 2779 IV

85 2813 129 2872 ibi
144 2815 214 2888 fuit,
232 2832 333 2872 secum
350 2813 457 2872 habuit
470 2811 680 2892 Pomponium,
704 2815 809 2890 captus
825 2811 1025 2870 adolescentis
1040 2814 1071 2870 et

84 2898 278 2960 humanitate
294 2901 324 2958 et
338 2898 482 2958 doctrina.
528 2895 578 2958 Sic
593 2898 673 2956 enim
689 2892 806 2956 Graece
820 2896 1015 2974 loquebatur,
1036 2899 1070 2956 ut

13 3018 14 3037 i
85 2981 219 3044 Athenis
240 2987 330 3044 natus
349 2984 520 3044 videretur:
542 2983 628 3044 tanta
647 2983 749 3042 autem
770 2982 905 3042 suavitas
927 2990 993 3041 erat
1008 2999 1069 3040 ser·
1091 2969 1140 3036 30

87 3071 188 3129 monis
196 3069 308 3146 Latini,
320 3072 354 3129 ut
366 3073 526 3149 appareret
536 3069 568 3128 in
580 3068 762 3129 sanativum
772 3068 924 3146 quendam
936 3067 1072 3146 leporem

13 3149 18 3158 '
88 3171 167 3228 esse,
183 3175 242 3216 non
258 3155 400 3215 ascitum:
422 3155 501 3214 idem
518 3157 656 3236 poemata
677 3153 893 3236 pronuntiabat
907 3155 938 3212 et
954 3149 1072 3214 Graece

90 3239 122 3294 et
136 3237 244 3300 Latine
259 3240 315 3314 sic,
339 3243 373 3300 ut
395 3259 487 3320 supra
508 3241 583 3301 nihil
605 3243 707 3319 posset
722 3239 801 3298 addi.
847 3237 966 3311 Quibus
980 3238 1072 3298 rebus

88 3319 206 3384 factum
221 3329 276 3401 est,
291 3328 326 3385 nt
341 3323 426 3386 Sulla
441 3345 589 3404 nusquam
606 3325 643 3385 ab
659 3345 691 3384 se
706 3325 874 3385 dimitteret
889 3327 1071 3404 cuperetque

86 3421 194 3468 secum
211 3411 367 3471 deducere.
400 3410 545 3480 Quicum
564 3411 747 3491 persuadere
770 3413 946 3489 temptaret,
968 3407 1068 3482 Noli,
1093 3394 1141 3461 35

88 3509 154 3550 oro
181 3497 230 3567 te,
247 3495 345 3573 inquit
359 3493 553 3576 Pomponius,
576 3496 775 3568 adversum
800 3514 863 3556 cos
889 3513 943 3554 mc
968 3493 1071 3553 velle

89 3576 243 3653 ducere,
269 3597 349 3640 cum
374 3582 507 3660 quibus
529 3601 573 3641 ne
596 3586 731 3642 contra
752 3581 1069 3654 tearmaserrem,

88 3662 249 3727 Italiam
269 3665 421 3746 reliqui.
464 3666 507 3728 At
522 3665 607 3730 Sulla
627 3665 943 3770 adolescentpppsficio
959 3665 1072 3726 collau·
