2748 4486
314 345 334 411 8
660 345 686 408 1.
708 344 947 410 amalraus,

247 517 295 580 VI
397 517 495 584 Erant
507 519 588 582 inter
596 516 831 580 Atheniensium
845 517 938 580 duces
952 519 1100 600 ancipites
1111 520 1304 596 sententiae,

313 625 383 668 cum
394 605 483 668 alteri
493 606 633 668 vetarent
642 603 794 685 proelium
807 603 887 678 fieri;
903 605 1062 686 pauciores
1076 605 1207 668 enimse
1218 626 1305 682 esse,

312 711 403 772 quam
424 693 460 754 ut
480 707 550 752 cum
564 689 669 751 Persis
689 689 899 770 confligerent;
921 690 1026 768 alteri,
1048 691 1080 752 in
1100 689 1216 770 quibus
1233 697 1304 753 erat

311 775 477 853 Miltiades,
499 777 540 838 ad
559 775 710 857 proelium
729 775 931 838 hortarentur.
975 775 1086 858 Itaque
1107 795 1178 838 cum
1192 781 1302 838 metus

269 864 408 938 basset,
438 882 479 925 ne
503 861 636 924 deterior
660 861 812 924 sententia
835 861 984 937 vinceret,
1017 861 1174 923 Miltiades
1202 859 1304 926 Galli-

311 947 453 1010 machum
467 946 682 1029 Aphidnaeum
697 946 780 1022 adiit,
804 947 857 1027 qui
877 967 913 1009 eo
928 952 1065 1029 tempore
1078 947 1304 1028 polemarchus

312 1035 379 1096 sive
401 1033 542 1115 princeps
562 1053 665 1094 rerum
679 1032 858 1096 bellicarum
871 1035 947 1108 crat,
969 1034 1094 1109 docens,
1115 1033 1213 1094 situm
1228 1055 1304 1096 esse

312 1119 344 1180 in
358 1139 403 1196 eo,
426 1123 530 1184 utrum
548 1118 581 1182 in
597 1118 778 1180 servitutem
791 1116 995 1183 Athenienses
1009 1119 1237 1199 redigerentur,
1261 1139 1303 1182 an

312 1206 386 1266 urbs
400 1223 506 1268 eorum
519 1205 660 1286 princeps
675 1201 823 1266 Graeciae
836 1203 931 1267 fieret
974 1204 1093 1266 Deinde
1107 1225 1179 1268 eum
1192 1205 1303 1268 horta·

250 1289 291 1356 10
312 1295 363 1352 tus
376 1295 432 1368 est,
448 1295 483 1352 ut
496 1291 536 1353 ad
550 1291 733 1353 sententiam
754 1309 859 1352 eorum
872 1291 1043 1366 accederet,
1069 1290 1122 1370 qui
1141 1291 1300 1372 proelium

312 1377 476 1440 suaderent
490 1375 557 1457 (qni
571 1377 703 1457 quinque
718 1372 836 1460 erant),
856 1395 947 1456 posse
966 1377 1047 1438 enim
1061 1397 1132 1438 eum
1146 1377 1298 1458 suffragio

312 1483 367 1524 suo
388 1483 454 1524 rem
474 1463 646 1524 decernere.
691 1460 792 1532 Quem
814 1479 883 1524 cum
903 1462 1111 1543 perduxisset,
1134 1463 1298 1524 obtentum

312 1551 368 1624 est,
383 1551 419 1608 ut
433 1547 654 1628 confligeretur.
698 1547 818 1608 Deinde
830 1547 853 1607 ii
867 1546 970 1619 duces,
986 1547 1038 1628 qui
1052 1547 1204 1628 proelium
1227 1569 1297 1611 sua-

312 1637 424 1708 serant,
441 1636 563 1694 auctore
573 1631 719 1708 Aristide,
734 1635 770 1694 ut
783 1631 929 1713 cuiusque
940 1633 1005 1696 dies
1016 1633 1187 1714 imperandi
1196 1635 1295 1709 venit,

250 1718 292 1784 15
312 1719 413 1780 vicem
427 1737 514 1780 suam
527 1717 662 1780 Miltiadi
682 1722 717 1780 ut
737 1721 769 1778 et
788 1717 835 1780 rei
856 1718 998 1780 militaris
1017 1723 1050 1780 et
1063 1721 1295 1782 consuetudinis

312 1805 477 1866 Persarum
497 1803 682 1886 peritissimo
702 1803 861 1880 dederunt,
877 1823 969 1885 quam
987 1804 1042 1866 ille
1063 1805 1218 1886 accipiens
1231 1826 1294 1868 non

312 1893 415 1952 tamen
430 1890 515 1972 prius
530 1890 747 1952 decertandum
761 1889 891 1970 putavit,
907 1909 998 1970 quam
1012 1889 1110 1972 ipsius
1123 1891 1190 1954 dies
1204 1893 1293 1954 ades-

314 1981 369 2052 set,
385 1995 432 2052 ne,
449 1976 476 2037 si
491 1995 541 2038 res
555 1975 635 2038 male
649 1978 738 2055 gesta
748 1979 852 2060 (esset,
873 1977 1009 2056 collegae
1023 1977 1056 2037 in
1070 1978 1187 2039 crimen
1200 1997 1291 2040 voca·

312 2066 427 2124 rentur.
471 2064 505 2124 Is
520 2061 585 2123 dies
599 2061 653 2124 ubi
667 2060 761 2140 uenit,
777 2062 880 2142 copias
893 2063 974 2125 huno
988 2063 1021 2122 iu
1040 2063 1163 2136 modum
1176 2064 1287 2123 instru—

248 2146 291 2212 20
312 2149 369 2210 xit.
413 2147 529 2210 Dextro
552 2167 645 2210 cornu
665 2151 807 2228 praeerat
827 2148 1048 2229 polemarchus‚
1071 2145 1119 2232 (id
1139 2147 1216 2208 enim
1229 2146 1282 2206 lex

312 2237 385 2297 tunc
399 2235 479 2314 apud
490 2231 694 2294 Athenienses
705 2229 906 2318 postulabat);
921 2234 979 2294 hoo
992 2233 1070 2294 duce
1080 2232 1284 2313 sequebantur

312 2321 421 2381 deinde
443 2319 583 2398 singulae
604 2319 717 2393 tribus,
739 2321 775 2380 ut
795 2319 995 2400 cuique-ordo
1011 2320 1191 2382 constitutus
1205 2321 1285 2392 erat;

311 2404 472 2467 novissimi
491 2407 579 2464 crant
592 2403 804 2480 Plataeenses‚
827 2405 936 2484 quibus
956 2406 1115 2467 sinistrum
1130 2423 1222 2468 cornu
1236 2404 1286 2466 ob-

311 2490 391 2573 tigit.
435 2488 486 2550 Ita
506 2493 609 2550 autem
631 2489 892 2565 collocatierant,
919 2493 955 2552 ut
975 2492 1107 2553 frontem
1135 2489 1287 2552 exereitus

248 2573 291 2640 25
314 2575 478 2638 Persarum
494 2579 670 2656 aequarent,
693 2594 762 2655 quo,
778 2593 847 2634 cum
861 2576 1019 2655 pauciores
1034 2583 1151 2652 essent,
1175 2577 1287 2637 fectum

313 2665 369 2738 est,
384 2665 419 2724 ut
433 2662 534 2724 media
545 2661 625 2723 acies
635 2661 714 2722 raris
725 2660 882 2722 ordinibus
891 2662 1081 2735 consisteret;
1093 2681 1206 2723 cornua
1215 2681 1289 2723 vero

313 2749 434 2810 stabant
462 2747 705 2824 confertissimis,
736 2765 814 2826 quae
840 2747 964 2827 insuper
981 2747 1064 2826 iugis
1085 2748 1232 2808 montium
1254 2768 1288 2808 se

312 2833 510 2909 acclinabant,
526 2854 565 2896 ne
580 2834 780 2896 circuirentur
794 2835 888 2912 utque
902 2833 940 2894 ab
956 2833 1093 2914 equitum
1112 2832 1289 2895 incursioni·

312 2920 369 2981 bus
383 2923 450 2982 tuta
465 2929 576 2982 essent.
786 2918 789 2922 ’

248 3000 291 3064 30
312 3004 376 3065 Vll
399 3005 488 3074 Quod
503 3024 572 3066 cum
588 3002 697 3067 Graeci
721 3005 910 3067 audivissent
932 3003 1108 3085 perlitatum
1122 3023 1197 3079 esse,
1218 3011 1290 3066 aute

313 3091 443 3151 telorum
459 3091 627 3152 coniectum
642 3109 734 3152 cursu
753 3090 883 3151 tendunt
901 3090 942 3150 ad
963 3089 1076 3163 hostes;
1101 3094 1167 3150 erat
1187 3093 1286 3150 autem

313 3176 394 3238 inter
407 3178 567 3255 utramque
583 3174 679 3236 aciem
698 3175 897 3236 intervallum
916 3175 1016 3236 minus
1031 3180 1098 3237 octo
1113 3175 1287 3236 stadiorum.

313 3259 399 3331 Quos
415 3279 506 3322 cursu
521 3260 595 3322 ferri
609 3261 642 3321 in
657 3280 691 3321 se
705 3279 774 3321 oum
789 3260 931 3322 viderent
944 3260 1066 3338 Persae,
1081 3279 1133 3322 eos
1148 3261 1289 3342 excipere

312 3367 347 3408 se
361 3353 554 3428 paraverunt,
570 3347 706 3408 insaniae
719 3347 750 3407 id
765 3346 946 3422 tribuentes,
970 3347 1051 3427 quod
1070 3346 1118 3407 illi
1131 3347 1287 3426 pauciores

227 3430 292 3496 ·3l)
314 3435 416 3494 esseut
435 3452 533 3513 neque
554 3438 608 3494 aut
634 3432 769 3512 equitatu
791 3433 844 3492 aut
870 3431 1039 3510 sagittariis
1063 3432 1284 3494 adiuvarentur.

313 3516 357 3579 At
370 3538 443 3580 vero
458 3517 661 3580 Athenienses
675 3521 835 3598 postquam
849 3535 956 3578 manus
972 3535 1040 3578 cum
1060 3518 1198 3580 barbaris
1218 3537 1287 3578 oon-

314 3610 488 3680 seruerunt,
510 3625 645 3686 pugnam
665 3605 788 3664 aeterua
806 3602 951 3664 memoria
971 3602 1096 3684 dignam
1118 3603 1284 3680 ediderunt,

313 3689 425 3770 quippe
440 3691 491 3770 qui
506 3690 596 3772 primi
607 3688 741 3752 omnium
753 3684 940 3750 Graecorum
957 3708 1047 3751 cursu
1061 3689 1093 3750 in
1107 3690 1208 3750 hostes
1222 3693 1286 3752 ute-
