2720 4482
317 373 381 438 126
712 372 898 440 urricus

692 703 921 806 Anhang.

388 849 499 902 Cornelii
517 851 621 918 Nepotis
639 866 671 901 ex
688 849 752 902 libro
771 850 803 902 de
821 850 906 904 latinis
925 851 1050 904 historicis
1068 854 1122 906 rita
1138 851 1234 904 Attici.

530 1035 576 1118 Τ.
603 1035 873 1139 Pomponius
899 1037 1085 1120 Atticus.

277 1225 297 1289 I
318 1210 356 1284 Τ.
371 1224 547 1286 Pormomus
561 1224 700 1298 Arurcus,
716 1226 754 1287 ab
770 1226 888 1304 origine
902 1226 1010 1288 ultima
1025 1227 1129 1307 stirpis
1144 1225 1307 1290 Romanae

317 1314 495 1391 generatus,
517 1315 663 1391 perpetuo
679 1330 697 1372 a
711 1312 876 1374 maioribus
890 1315 1047 1392 acceptam
1062 1315 1240 1392 equestrem
1256 1315 1308 1375 ob-

318 1397 410 1458 tinuit
431 1397 620 1477 dignitatem.
665 1396 758 1457 Patre
779 1417 853 1458 usus
873 1403 921 1458 est
942 1397 1106 1477 diligente,
1127 1402 1160 1458 et
1181 1406 1218 1459 ut
1240 1403 1307 1460 tum

318 1489 405 1543 erant
439 1487 578 1561 tempora
614 1482 685 1558 diti,
725 1482 924 1562 inprimisque
965 1484 1101 1545 studioso
1131 1484 1305 1545 literarum.

272 1563 295 1628 5
319 1566 387 1641 Hic,
404 1574 494 1646 prout
507 1568 573 1647 ipse
588 1568 708 1628 amabat
729 1568 843 1643 literas,
860 1569 1000 1630 omnibus
1017 1568 1174 1644 doctrinis,
1192 1571 1306 1648 quibus

317 1653 444 1732 puerilis
459 1658 543 1712 aetas
557 1653 708 1732 impertiri
723 1653 821 1729 debet,
836 1655 933 1715 filium
944 1655 1085 1716 erudivit.
1109 1654 1188 1728 Erat
1199 1660 1303 1717 autem

317 1738 349 1798 in
364 1757 458 1817 puero
478 1741 599 1817 praeter
619 1737 805 1800 docilitatem
820 1740 935 1820 ingenii
954 1759 1073 1801 summa
1087 1742 1227 1804 suauitas
1243 1743 1302 1803 oris

318 1825 410 1902 atque
424 1825 521 1899 vocis,
545 1829 652 1884 utnon
668 1825 766 1885 solum
782 1826 923 1887 celeriter
939 1826 1091 1905 acciperet
1105 1846 1185 1905 quae
1200 1829 1302 1888 trade·

317 1910 437 1984 bantur,
453 1910 507 1970 sed
522 1911 614 1972 etiam
629 1910 816 1971 excellenter
830 1913 1048 1990 pronuntiaret.
1079 1910 1150 1980 Qua
1165 1932 1257 1973 exre
1272 1912 1303 1973 in

253 1989 297 2056 10
318 1996 450 2075 pueritia
471 1997 580 2056 nobilis
600 1995 680 2056 inter
703 1997 845 2074 aequales
870 1997 1025 2057 ferebatur
1050 1997 1224 2077 clariusque
1251 2018 1304 2058 ex·

318 2081 562 2160 splendescebat,
587 2101 679 2161 quam
698 2083 840 2160 generosi
862 2082 1061 2162 condiscipuli
1082 2083 1183 2143 animo
1205 2102 1301 2162 aequo

319 2167 400 2227 ferre
415 2169 546 2246 possent.
569 2166 679 2247 Itaque
693 2165 838 2228 incitabat
853 2186 957 2228 omnes
972 2167 1073 2229 studio
1088 2187 1151 2230 suo.
1184 2167 1254 2238 Quo
1270 2169 1301 2228 in

318 2272 446 2314 numero
458 2254 582 2313 fuerunt
595 2251 628 2312 L.
643 2252 822 2331 Torquatus,
840 2250 876 2313 G.
889 2253 1006 2314 Marius
1021 2253 1112 2329 filius,
1127 2252 1168 2316 M.
1183 2250 1299 2316 Cicero.

319 2337 404 2408 Quos
419 2338 637 2399 consuetudine
652 2357 707 2398 sua
722 2338 765 2399 sic
777 2339 925 2413 devinxit,
941 2342 976 2400 ut
990 2359 1079 2400 nemo
1094 2338 1138 2399 eis
1153 2345 1300 2420 perpetuo

255 2415 296 2479 15
319 2424 410 2482 fuerit
425 2424 529 2485 carior.

260 2503 297 2566 Π
404 2504 498 2567 Pater
511 2510 630 2568 mature
645 2507 783 2568 decessit.
829 2511 902 2588 Ipse
916 2509 1161 2570 adolescentulus
1176 2514 1299 2591 propter

320 2591 498 2652 affinitatem
512 2591 546 2652 P.
563 2589 703 2670 Sulpicii,
727 2594 778 2671 qui
799 2594 939 2654 tribunus
954 2594 1038 2674 plebi
1051 2596 1229 2656 interiectus
1243 2599 1298 2670 esi,

319 2696 379 2738 non
394 2697 502 2758 expers
517 2677 575 2738 ruit
589 2677 672 2737 illius
688 2679 816 2759 periculi
824 2704 833 2740 :,
851 2698 980 2759 namque
995 2677 1118 2755 Anicia,
1140 2680 1298 2761 Pomponii

320 2765 505 2838 consobrine,
522 2766 674 2844 nupserat
682 2763 798 2840 Servio,
813 2765 901 2826 fratri
917 2764 1050 2846 Sulpicii.
1084 2767 1195 2845 Itaque
1209 2768 1297 2828 inter-

254 2841 298 2908 20
318 2851 398 2912 fecto
412 2847 546 2929 Sulpicio
556 2853 752 2930 posteaquam
764 2851 843 2912 vidit
855 2848 990 2912 Cinnano
1001 2852 1134 2912 tumultu
1144 2853 1297 2914 civitatem

319 2956 388 2996 esse
401 2937 609 3014 perturbatam
624 2955 722 3015 neque
737 2937 796 2998 sibi
810 2937 876 2998 dari
890 2937 1066 2998 facultatem
1082 2957 1135 3017 pro
1152 2938 1298 3016 dignitate

320 3022 454 3097 vivendi,
470 3023 542 3100 quin
557 3022 736 3083 alterutram
751 3026 869 3102 partem
880 3022 1046 3083 offenderet
1056 3023 1227 3085 dissociatis
1238 3025 1297 3084 ani·

320 3107 378 3167 mis
394 3107 521 3182 civium,
546 3126 615 3168 cum
636 3108 688 3167 alii
703 3106 836 3168 Sullanis
851 3108 905 3168 elii
921 3104 1065 3169 Cinnanis
1079 3110 1220 3170 faverent
1233 3129 1297 3190 par-

320 3192 410 3265 tibus,
426 3193 568 3254 idoneum
583 3196 703 3270 tempus
717 3199 801 3254 ratus
817 3193 926 3253 studiis
938 3193 1124 3273 obsequendi
1133 3195 1197 3255 suis
1208 3193 1297 3256 Athe·

255 3267 298 3336 25
320 3295 376 3338 nas
399 3295 433 3336 se
456 3277 596 3352 contulit,
624 3296 722 3355 neque
748 3298 782 3338 eo
806 3279 906 3338 secius
931 3279 1153 3340 adolescentem
1169 3281 1296 3342 Marium

320 3363 439 3424 hostem
454 3361 621 3422 iudicatum
635 3362 714 3422 iuvit
728 3363 835 3443 opibus
850 3363 926 3424 suis:
948 3365 1033 3425 cuius
1054 3365 1159 3443 fugam
1174 3366 1295 3445 pecunia

321 3448 502 3508 sublevavit.
544 3446 591 3508 Ac
606 3468 644 3508 ne
658 3447 714 3508 illa
728 3450 932 3528 peregrinatio
948 3450 1164 3511 detrimentum
1179 3452 1295 3530 aliquod

321 3533 443 3596 afferret
457 3534 502 3594 rei
517 3534 673 3608 familiari,
697 3535 804 3595 eodem
818 3553 963 3613 magnam
977 3538 1095 3615 partem
1109 3537 1294 3596 fortunarum

321 3619 443 3680 traiecit
457 3639 586 3681 suarum.
610 3620 671 3680 Hic
684 3619 729 3680 ita
744 3621 832 3696 vixit,
848 3626 881 3681 ut
895 3620 1047 3681 universis
1062 3620 1293 3682 Atheniensibus

256 3696 300 3792 30
321 3705 429 3767 merito
444 3708 526 3766 esset
539 3705 722 3767 carissimus.
756 3705 786 3770 N
788 3725 837 3768 am
851 3710 973 3789 praeter
988 3707 1128 3788 gratiam,
1145 3727 1221 3786 quae
1233 3709 1292 3770 iam
