2720 4482
323 345 371 411 90
693 347 796 410 XVII.
819 346 930 410 DION.

328 503 453 602 y'rropter
474 539 573 581 mores
595 539 686 600 qnam
707 519 893 582 affinitatem.
937 519 1076 600 Namque
1092 517 1155 580 etsi
1169 517 1301 599 Dionysii

328 605 493 668 erudelitas
507 606 536 667 si
551 606 745 687 displicebat,
770 609 872 666 tamen
894 605 1014 666 salvum
1035 611 1165 686 proptor
1179 606 1301 665 necessi·

327 691 473 790 tudinem,
489 693 588 770 magis
603 692 695 754 etiam
710 711 833 753 suorum
848 709 940 752 eausa
954 691 1105 752 studebat.
1146 690 1284 751 Aderat
1276 710 1303 750 m

317 777 451 875 magnis
463 778 564 853 rebus,
581 780 705 876 eiusque
721 777 846 839 oonsilio
861 777 939 838 mult
940 797 991 837 um
1005 778 1154 839 movebat
1141 781 1193 838 tur
1208 779 1303 855 t-yran

276 865 306 928 5
328 884 398 939 nus,
422 863 481 924 nisi
501 883 560 942 qua
581 864 613 923 in
635 883 670 924 re
689 863 785 924 maior
805 862 901 943 ipsius
916 863 1033 943 eupidit
1034 881 1067 923 as
1081 863 1302 924 intereesserat.

328 949 510 1029 Legationes
525 968 600 1010 vero
614 969 726 1024 omnes,
743 967 821 1028 quae
835 953 937 1010 essent
925 949 1062 1010 itllust'
1024 953 1146 1024 trrores,
1171 967 1228 1028 per
1242 945 1304 1007 Dio-

328 1055 399 1096 nem
424 1034 723 1096 administrabantur:
750 1054 824 1114 quas
850 1035 972 1115 quidem
993 1035 1046 1095 ille
1068 1034 1240 1112 diligenter
1261 1033 1304 1093 ob-

329 1120 435 1195 eundo,
451 1119 582 1182 fideliter
593 1122 727 1198 gerendo
738 1121 982 1181 crudelissimum
993 1140 1102 1182 nomen
1113 1118 1243 1200 tyranni
1257 1135 1304 1178 sna

329 1206 516 1268 humanitate
530 1208 662 1286 tegebat.
706 1205 797 1267 Hune
813 1226 830 1266 a
844 1206 992 1286 Dionysio
1007 1207 1137 1266 missum
1150 1202 1303 1282 Carthagi-

256 1293 307 1358 :lo
328 1293 449 1352 aienses
471 1292 524 1352 sio
547 1296 762 1372 suspexerunt,
793 1295 828 1352 ut
848 1293 1000 1352 neminem
1021 1311 1171 1371 umquam
1193 1287 1302 1350 Graeca

327 1378 433 1456 lingua
447 1377 620 1457 loquentem
635 1379 733 1458 magis
748 1379 979 1439 admirarentur.

274 1465 306 1526 11
412 1463 519 1542 Neque
532 1484 605 1525 vero
621 1465 695 1524 haeo
708 1463 890 1543 Dionysium
904 1463 1070 1542 fugiebant.
1097 1462 1182 1524 Nam
1199 1471 1301 1539 quanto

328 1550 409 1608 esset
424 1548 481 1608 sibi
497 1552 671 1609 ornamento
693 1549 850 1609 sentiebat.
897 1549 965 1618 Quo
980 1549 1085 1624 fiebat,
1108 1553 1145 1608 ut
1166 1548 1220 1607 uni
1240 1545 1299 1604 huie

327 1633 460 1694 maxime
482 1633 655 1712 indulgeret
674 1653 770 1712 neque
791 1655 858 1694 eum
882 1654 969 1696 secus
986 1635 1131 1714 diligeret
1147 1651 1184 1694 ae
1199 1631 1300 1694 filium:

255 1717 306 1785 :15
328 1717 380 1798 qui
396 1719 526 1798 quidem,
542 1739 611 1779 cum
625 1719 695 1780 Plat
683 1729 784 1780 tonem
800 1720 912 1780 Terent
900 1725 964 1780 tum
979 1722 1101 1780 venisse
1116 1721 1202 1780 fama
1216 1718 1247 1777 in
1261 1714 1298 1775 Si-

327 1804 428 1865 oiliam
443 1824 509 1865 esse
512 1806 637 1885 tperlat
638 1826 664 1880 a,
625 1806 863 1866 tadolesoent
841 1811 865 1866 tr
879 1825 993 1884 negare
1008 1825 1067 1866 non
1090 1807 1210 1884 posset,
1235 1801 1298 1880 quin

327 1910 397 1950 eum
417 1895 598 1964 aooerseret,
622 1911 690 1950 eum
710 1891 788 1951 Dion
811 1893 875 1952 eius
898 1892 1041 1952 audiendi
1064 1891 1218 1970 eupiditat
1172 1888 1298 1950 ιιιιιιι

327 1967 440 2054 graret
462 1976 554 2037 Dedit
542 1981 642 2056 tergo
658 1977 727 2038 huie
742 1979 862 2038 veniam
877 1997 1047 2058 magnaque
1059 1997 1130 2037 eum
1143 1973 1247 2037 ambit
1240 1990 1298 2032 rone

327 2061 494 2144 Syracusas
509 2064 652 2143 perduxit
652 2059 693 2146 ι.)
718 2063 819 2132 Quem
831 2063 911 2124 Dion
925 2064 999 2124 adeo
1015 2063 1187 2124 admiratus
1202 2063 1297 2121 estat·

251 2147 305 2214 :20
327 2168 385 2227 que
400 2149 604 2223 adamavit‚u
583 2155 664 2210 utse
680 2169 708 2208 ιι
700 2149 752 2210 ι
755 2152 819 2210 tum
833 2151 982 2210 traderet.
1003 2169 1100 2228 neque
1115 2167 1192 2208 ιιιο
1207 2145 1296 2206 minus

327 2235 398 2294 Plat
386 2238 416 2294 ιο
433 2235 533 2294 delt
485 2237 551 2295 eota
534 2240 600 2296 atus
616 2239 663 2294 est
650 2233 844 2294 tDioueI
827 2237 934 2332 Itaque
950 2254 1018 2295 eum
1041 2233 1233 2331 aDionysio
1240 2249 1296 2288 oru-

219 2370 227 2384 .
328 2320 437 2380 daliter
448 2321 543 2380 viola
531 2324 579 2380 us
592 2324 672 2380 esse
672 2340 807 2400 quippe
820 2341 870 2398 qur
882 2341 951 2380 eum
963 2321 1168 2381 venumdari
1158 2317 1297 2384 russisset

326 2415 428 2465 tamen
453 2409 521 2484 post
546 2409 673 2466 mortem
699 2406 764 2464 eius
790 2407 895 2466 eodem
920 2406 1011 2468 rediit
1036 2406 1176 2466 eiusdem
1202 2399 1297 2464 Dionis

326 2489 465 2568 precibus
481 2489 593 2550 adduct
581 2497 637 2550 t.us
666 2491 793 2550 Interim
809 2492 839 2550 in
855 2492 993 2552 morbum
1007 2492 1114 2552 insidit
1102 2487 1258 2569 tDionysi
1235 2503 1295 2547 suls

252 2574 304 2640 ,25
327 2574 395 2644 Quo
412 2594 480 2634 oum
495 2576 583 2654 gravi
600 2576 784 2636 oonflietaret
785 2597 835 2652 ur,
861 2578 1011 2654 quaesiuit
1033 2597 1052 2638 ι
1073 2578 1202 2638 medrors
1217 2574 1294 2635 Dion.

326 2661 580 2741 quemadmodum
595 2682 628 2722 se
642 2662 775 2736 haberet,
793 2662 942 2741 simulque
957 2665 994 2724 ab
1011 2664 1054 2722 eis
1069 2664 1168 2742 petiit,
1186 2663 1212 2723 si
1227 2661 1294 2720 forto

326 2748 362 2808 in
376 2747 491 2808 maiore
506 2751 586 2810 esset
599 2749 742 2829 periculo,
758 2751 793 2807 ut
808 2749 865 2808 sibi
885 2749 1065 2810 faterentur:
1089 2769 1161 2810 ιιιιιι
1183 2747 1296 2810 volebat

327 2853 396 2895 oum
411 2853 446 2895 ιο
469 2834 598 2914 colloqui
622 2837 660 2895 de
682 2835 840 2914 partiendo
861 2854 970 2913 regno,
991 2835 1077 2932 quod
1102 2837 1216 2896 sororis
1232 2847 1295 2891 suso

325 2919 404 2980 filios
427 2939 467 2980 ex
488 2919 541 2981 illo
563 2924 649 2982 natos
670 2921 758 3000 regni
773 2921 899 3000 putabat
919 2940 974 3000 par
977 2920 1083 2999 tioipes
1099 2940 1167 2982 asse
1183 2920 1293 2980 debere

251 3003 305 3070 ,30
326 3005 365 3065 Id
376 3005 486 3064 mediol
496 3005 556 3066 ιιοιι
567 3008 770 3067 ιιοιιιιιιιιιιι
759 3007 822 3066 tad
833 3006 1014 3086 Dionysium
1026 3006 1122 3066 filium
1134 3019 1296 3066 sermonem

325 3089 616 3160 rettuleruntQuo
637 3092 691 3152 ille
713 3099 894 3166 commotus,
918 3112 956 3152 ne
978 3093 1088 3170 agendi
1111 3084 1294 3154 essetDioni

326 3177 470 3254 potestas,
486 3177 538 3254 pat
539 3175 565 3234 ri
580 3196 718 3257 soporem
733 3169 866 3237 medicos
888 3177 959 3237 dare
975 3178 1082 3257 coegit.
1062 3177 1196 3240 tHoo
1211 3189 1294 3253 aeger

325 3261 445 3338 sumpto
460 3265 496 3319 ιιι
509 3279 613 3322 somno
628 3262 743 3342 sopitus
758 3261 838 3322 diem
854 3262 928 3322 obiit
942 3283 1124 3342 supremum.

241 3348 303 3413 ’ΠΙ
411 3345 487 3406 Tale
502 3345 621 3406 initium
636 3347 693 3408 fuit
703 3347 809 3407 Dionis
822 3349 852 3407 ιι
862 3347 1003 3428 Dionysii
1018 3349 1190 3424 simultatis,
1208 3359 1294 3422 eaque

260 3430 304 3494 35
325 3431 430 3493 multis
445 3431 549 3507 rebus,
574 3433 707 3494 maxime
728 3451 797 3493 oum
812 3433 925 3494 inimioi
940 3435 1068 3496 Dionem
1083 3435 1294 3496 calumniaren-

392 3636 418 3700 *ι
436 3638 510 3690 Plato
528 3638 584 3690 kam
601 3639 697 3690 damals
715 3651 765 3689 von
787 3635 866 3688 freien
886 3639 993 3691 stuolen
1014 3639 1080 3690 nach
1098 3638 1209 3692 Sicilien.
1244 3626 1294 3685 Auf

324 3705 408 3757 Bitten
425 3707 469 3759 des
488 3709 553 3759 Dion
571 3709 658 3760 wurde
675 3723 703 3758 er
721 3712 803 3773 spater
821 3721 877 3759 rom
891 3709 1017 3776 jungerem
1027 3709 1124 3776 Dionys
1141 3700 1290 3774 bingerufess·
