2720 4482
384 331 507 394 xum.
531 329 757 399 amomon.
1019 331 1065 395 aa
1160 294 1163 300 ’

63 507 172 588 guine
188 507 227 567 ab
237 503 420 580 Acheronte,
435 505 461 565 si
471 507 604 584 possent,
620 508 767 584 cuperent
777 506 935 568 redimere.
952 505 1061 587 Itaque

61 594 103 652 in
129 593 209 652 urbe
233 591 429 652 celeberrimo
451 591 517 652 loco
542 590 641 650 elatus
661 590 781 669 publice
803 593 935 673 sepulcri
955 612 1060 653 monu-

62 681 181 739 mento
205 677 334 739 donatus
356 680 410 738 est.
455 674 544 736 Diem
566 675 642 736 obiit
662 675 783 738 circiter
804 697 898 740 annos
913 678 1059 759 quinqua-

62 765 164 843 ginta
180 764 314 842 quinque
328 765 417 822 natus
431 764 571 841 quartum
586 763 655 840 post
669 780 790 838 annum,
812 785 902 844 quam
917 784 957 824 ex
971 763 1059 825 Pelo-

61 869 212 930 ponneso
234 849 267 908 in
282 845 418 909 Siciliam
439 847 578 908 redierat.
624 844 695 907 Sine
716 849 807 912 dubio
827 850 906 913 Dion
925 851 1060 912 maxima
1101 839 1131 904 5⁸

63 935 231 997 industria
251 933 283 994 id
302 935 425 1012 agebat,
448 936 482 993 ut
501 951 551 993 res
572 929 745 996 Sicilienses
767 955 886 997 summa
907 935 1059 1015 aequitate

66 1021 286 1095 constitueret,
303 1020 383 1098 quod
398 1019 495 1099 primo
507 1019 632 1080 conatus
644 1023 691 1080 est
701 1021 801 1082 facere
811 1043 866 1102 per
877 1021 1058 1103 Dionysium

66 1109 228 1170 minorem
246 1108 335 1180 natu,
358 1124 448 1184 quem
470 1105 509 1166 ad
528 1104 676 1164 iustitiam
691 1110 722 1167 et
734 1109 997 1169 mansuetudinem
1011 1128 1058 1169 re-

57 1193 190 1257 ducere
205 1191 329 1255 studuit.
364 1190 482 1251 Deinde
496 1209 570 1250 uero
586 1207 654 1249 cum
669 1210 706 1252 ea
719 1212 789 1272 spes
805 1209 874 1254 eum
888 1194 1056 1269 fefellisset,

65 1279 219 1340 omnibus
233 1277 352 1339 uiribus
366 1278 450 1337 nisus
465 1279 512 1336 est
517 1322 525 1351 ,
547 1277 582 1334 ut
601 1275 689 1336 illum
704 1296 721 1336 e
734 1297 829 1358 regno
845 1279 1014 1359 expelleret
1028 1282 1059 1340 et
1081 1271 1132 1336 lc

64 1365 242 1446 populares
257 1362 455 1444 opprimendo
471 1360 660 1442 optimatium
674 1359 834 1444 imperium
857 1363 1057 1441 confirmaret,

65 1469 138 1530 qua
158 1449 192 1510 in
212 1469 245 1508 re
265 1469 326 1509 non
347 1447 522 1526 negandum
546 1449 592 1506 est
613 1466 683 1507 eum
703 1449 917 1511 acrudelitate
932 1469 991 1511 non
1007 1451 1058 1510 ab·

63 1535 241 1611 horruisse,
254 1553 323 1594 cum
332 1534 498 1596 adversarii
509 1531 656 1614 gravibus
667 1533 786 1595 iniuriis
797 1555 866 1596 eum
877 1535 1056 1598 affecissent.

465 1806 670 1818 —n--n——un

352 2026 508 2109 xvfll.
537 2025 774 2108 Timoleon.

70 2205 251 2293 Tmonnou,
274 2215 461 2292 Corinthius,
483 2216 548 2277 siue
570 2215 661 2277 dubio
681 2235 810 2295 magnus
830 2216 963 2278 omnium
977 2217 1054 2278 iudi·
1076 2215 1101 2278 1·

70 2307 118 2366 cio
145 2305 272 2366 exstitit.
331 2302 470 2382 Namque
495 2303 566 2362 huic
591 2302 732 2381 contigit,
766 2307 801 2363 ut
826 2305 857 2363 et
882 2303 1012 2384 patriam
1037 2323 1056 2366 a

68 2397 204 2471 tyranno
219 2390 373 2463 liberaret,
389 2395 419 2449 et
433 2407 452 2450 a
467 2385 635 2468 Syracusis,
653 2385 762 2467 quibus
777 2389 889 2451 auxilio
905 2392 970 2452 erat
984 2389 1055 2450 mis-

70 2497 138 2551 sus,
163 2477 227 2538 iam
246 2476 449 2536 inveteratam
463 2475 642 2535 servitutem
658 2475 826 2556 depelleret
839 2478 994 2555 totamque
1010 2474 1055 2536 Si-

70 2563 176 2624 ciliam
191 2562 305 2622 multos
319 2579 413 2622 annos
428 2560 509 2621 bello
524 2551 667 2621 vexatam
682 2580 700 2622 a
720 2561 917 2641 barbarisque
932 2580 1055 2641 oppres·
1076 2559 1098 2622 5

69 2668 137 2710 sam
164 2667 220 2708 suo
246 2647 381 2708 adventu
406 2646 438 2706 in
463 2646 626 2725 pristinum
647 2646 829 2706 restitueret.
875 2645 935 2706 Sed
956 2647 987 2706 in
1007 2647 1055 2707 his

68 2735 165 2794 rebus
184 2752 246 2794 non
266 2732 361 2792 semel
381 2731 414 2791 vi
434 2731 572 2793 fortunae
593 2731 782 2792 conflictatus
798 2735 904 2807 estet,
928 2731 959 2791 id
974 2731 1055 2810 quod

69 2819 229 2880 difficilius
243 2820 381 2898 putatur,
403 2817 499 2878 multo
521 2816 686 2896 sapientius
701 2817 772 2877 tulit
787 2817 951 2880 secundam
966 2836 1055 2894 quam

69 2907 237 2967 adversam
251 2904 411 2965 fortunam.
456 2902 535 2964 Nam
557 2921 626 2963 cum
647 2902 741 2962 frater
762 2902 827 2962 eius
842 2901 1053 2983 Timophanes,

71 2993 137 3052 dux
159 3010 177 3052 a
194 2987 360 3052 Corinthiis
380 2988 527 3063 delectus,
551 2987 745 3068 tyrannidem
765 3009 821 3069 per
841 2988 954 3049 milites
976 3007 1053 3049 mer·
1078 2985 1128 3050 10*-

70 3077 212 3139 cenarios
241 3077 433 3156 occupasset,
472 3074 683 3154 particepsque
719 3075 808 3154 regni
845 3077 949 3154 posset
977 3093 1054 3151 esse,

70 3168 192 3226 tantum
218 3160 295 3222 afuit
318 3179 337 3221 a
357 3160 501 3221 societate
524 3159 661 3233 sceleris,
689 3163 723 3220 ut
744 3159 909 3222 anteferret
941 3160 1054 3222 civium

72 3268 198 3311 suorum
205 3247 378 3308 libertatem
386 3246 489 3308 fratris
498 3245 588 3307 saluti
601 3248 631 3306 et
638 3263 745 3325 parere
756 3247 886 3324 legibus,
900 3266 990 3326 quam
998 3247 1054 3307 im-

70 3355 180 3416 perarc
198 3333 316 3414 patriae
338 3332 432 3394 satius
448 3332 580 3392 duceret.
625 3330 694 3392 Hac
715 3335 817 3393 mente
839 3353 894 3413 per
908 3331 1052 3411 Satyrum

71 3419 265 3501 hamspicem
281 3436 528 3497 communemque
544 3416 665 3478 affinem
679 3415 877 3498 Aeschylum,
894 3418 945 3497 qui
959 3418 1054 3476 frater
1077 3411 1125 3476 15·

71 3506 177 3569 uxoris
192 3503 388 3585 Timophanis
403 3505 476 3578 erat,
492 3503 619 3564 fratrem
633 3505 797 3583 tyrannum
811 3501 1053 3563 interficiendum

71 3592 201 3654 curauit.
225 3589 297 3671 Ipse
308 3609 369 3651 non
380 3589 468 3651 modo
483 3607 590 3650 manus
604 3608 665 3650 non
675 3589 787 3664 attulit,
803 3588 857 3648 sed
867 3607 907 3649 ne
917 3588 1053 3668 aspicere

74 3679 197 3758 quidem
211 3677 378 3739 fraternum
393 3675 572 3756 sanguinem
586 3674 692 3737 voluit.
737 3673 817 3736 Nam
833 3675 906 3736 dum
919 3693 969 3736 res
983 3692 1052 3736 con·
